4050 5000
333 510 398 632 ‘9⁶
666 518 673 535 ¹
756 479 766 504 l
864 478 1286 648 nvrnorius'

187 787 191 797 ,
341 688 584 819 ίῐιιόιηοτε,
629 710 779 827 quide
814 715 1002 915 periculo
1030 742 1126 801 meo
1147 704 1336 802 'Gainam
1363 722 1598 808 monerent.
1651 704 1849 819 Juvare.

342 834 528 947 poterat:
554 831 755 945 neglexit.
836 849 880 917 ta
915 832 1223 918 circumventus
1249 826 1453 914 exercitus
1475 823 1625 941 periit,
1658 827 1805 940 paucis

180 987 189 1002 r
242 962 251 978 ‘
337 942 623 1061 mecumsuga
644 940 796 1058 elapsis.
837 945 903 1030 En
920 946 1105 1042 crimen,
1135 972 1189 1031 en
1205 942 1336 1039 scelus
1354 968 1507 1033 meum.
1550 932 1620 1025 De
1640 963 1727 1054 quo
1742 966 1806 1027 ar·

367 1060 477 1159 nor?
505 1058 623 1145 Num
639 1058 755 1173 quod
778 1058 886 1147 solus
903 1058 1097 1175 ingressus
1115 1053 1367 1147 fim‘Afiar'n?
1395 1056 1441 1141 in
1460 1052 1528 1153 id,
1550 1052 1802 1164 credmmis·

335 1090 536 1275 fusetam,
553 1195 617 1261 *ut
637 1171 891 1261 nobilillimae
916 1175 1098 1288 regionis
1121 1174 1315 1263 incendia
1335 1167 1491 1259 otiosus
1518 1166 1721 1285 spedator
1740 1173 1803 1257 in·

335 1288 510 1379 tuerer?
540 1290 658 1378 Num
673 1288 792 1403 quod
818 1294 906 1376 n'un
934 1286 1095 1376 felicius
1128 1290 1436 1386 dimicaverim‚
1468 1286 1570 1393 uitio
1594 1286 1803 1374 vertitur?

334 1406 404 1493 Ab
424 1404 541 1493 hoste
570 1402 798 1516 deceptus,
828 1406 985 1491 asocio
1009 1404 1231 1519 proditus,
1260 1404 1363 1519 quid
1383 1418 1587 1520 poteram,
1605 1398 1689 1488 nin
1711 1428 1820 1520 per··

335 1518 422 1608 ite?
447 1520 586 1617 vide,
616 1520 778 1625 Gaina,
810 1548 937 1623 quam
961 1518 1053 1605 haec
1073 1540 1115 1605 te
1140 1521 1350 1617 accusatio
1366 1536 1538 1635 premat.
1568 1516 1802 1633 Numquid

334 1650 488 1753 negesl,
513 1634 694 1722 defidem
719 1630 978 1721 te-all'ediffei
1011 1634 1123 1749 Age,
1156 1636 1230 1721 ubi
1251 1632 1357 1734 fuit,
1374 1634 1459 1751 subi
1479 1627 1597 1721 nunc
1612 1628 1670 1719 est
1687 1653 1800 1739 erer-

326 1754 443 1841 =citus
464 1749 591 1849 tuus?
604 1777 748 1864 ⁴,quem
764 1748 922 1844 bollein
942 1748 1070 1847 vidit,
1098 1748 1171 1837 nifi
1195 1778 1383 1866 quocum
1402 1747 1578 1835 tranasti
1599 1746 1800 1871 proditio·

332 1868 396 1953 nis
414 1864 667 1955 consilium?
704 1864 859 1967 Quam
876 1864 1008 1961 urben
1024 1864 1217 1981 recepit?
1258 1892 1390 1981 ‚quern
1412 1892 1599 1980 agruma
1626 1865 1799 1980 popula-

241 1988 252 2032 v'
331 1982 450 2068 tione
470 1977 696 2075 defendit?
723 1978 844 2083 Quid
865 1979 1145 2068 obmutescis?
1176 1982 1313 2066 Hem!
1342 1980 1537 2092 Judices,
1572 1978 1643 2069 iste
1664 1979 1800 2066 Leoni

330 2097 343 2182 i
376 2098 542 2185 naviam
563 2092 822 2213 exprobrat?
852 2094 926 2181 ubi
940 2098 1136 2210 quaeretis
1150 2098 1303 2187 milites
1323 2094 1441 2211 ejus?
1469 2092 1627 2184 Adhuc
1644 2096 1689 2180 in
1700 2092 1799 2182 Bos·

283 2228 289 2312 ζ
392 2237 468 2297 uro
495 2209 679 2323 herent,
711 2214 755 2301 &
776 2208 1002 2297 Thraciam
1030 2208 1260 2306 devorant·
1307 2210 1495 2301 =Saltem
1528 2206 1714 2300 movisses
1731 2230 1799 2309 te,

198 2344 200 2351 ⁴
282 2354 290 2385 1
329 2239 490 2426 frater,
520 2322 776 2442 requifitusa
803 2321 927 2413 fratre
944 2326 1122 2442 supremi
1153 2319 1399 2435 discriminis
1418 2331 1552 2417 aleam
1579 2326 1799 2421 subeunte.

182 2495 187 2509 x
329 2438 509 2532 Nescisse
530 2462 574 2530 te
591 2441 736 2538 dices‘i
764 2440 930 2550 Adsunt
957 2440 1101 2543 testes,
1131 2462 1349 2574 quotquot
1363 2446 1541 2534 comites
1560 2441 1799 2539 miserabilis

328 2557 441 2676 sugae
462 2557 622 2657 habui,
651 2585 780 2674 quarn
800 2557 1010 2651 celeriter,
1041 2583 1170 2673 quam
1190 2581 1440 2652 anxtetuam
1454 2587 1577 2678 opem
1600 2557 1822 2677 poposce·.

326 2671 418 2762 rim.
479 2672 563 2763 Sed
583 2675 715 2790 perire
733 2671 891 2778 debui,¹
910 2672 936 2782 J
940 2671 1104 2773 udices,
1134 2693 1185 2761 ut
1201 2672 1411 2792 pudendae
1415 2678 1546 2878 flpaci,
1563 2702 1692 2792 quam
1711 2700 1798 2763 ma·

327 2787 524 2878 chinatus
545 2789 600 2877 est
615 2787 832 2906 proditor,
850 2788 966 2876 color
982 2790 1208 2904 qualiscun
1240 2819 1293 2878 ue
1310 2819 1413 2881 nece
1458 2789 1554 2879 tatis
1572 2791 1687 2878 allini
1704 2788 1799 2908 pos·

208 2909 216 2926 “
324 2905 398 2992 let.
456 2907 504 3018 ⁴O
518 2931 608 2992 rem
623 2902 771 2991 auditu
787 2901 977 2997 soedam!
1007 2902 1096 2991 Pax
1116 2821 1257 2993 tebaldi
1275 2909 1565 3024 promittitur:
1584 2877 1797 3025 'promisse‘

310 3019 479 3226 *pignus
494 3019 723 3137 spondetur
747 3019 930 3107 Romani
947 3017 1142 3109 Consulis
1164 3023 1318 3138 Caput
1370 3019 1498 3110 Inferi
1519 3042 1564 3111 te
1586 3021 1793 3141 perdant,

359 3137 540 3235 roditur,
552 3135 609 3224 ita
630 3161 718 3224 non
733 3130 863 3223 modo
876 3122 1078 3252 perfidus,
1094 3135 1162 3222 sed
1175 3163 1318 3226 amens
1339 3142 1398 3227 es!
1413 3137 1646 3252 Stultitlatn
1663 3135 1797 3224 horni-

323 3255 390 3343 nis
420 3251 718 3370 obstupescite!
750 3251 841 3354 Qui
869 3253 982 3366 pac-is
1007 3247 1300 3342 conditionem
1317 3252 1446 3356 ferat,
1465 3282 1557 3344 non
1569 3254 1706 3344 mittit
1721 3251 1797 3338 Le·

325 3388 494 3486 gatum,
525 3364 756 3480 ipsevenit:
789 3392 927 3480 neque
943 3365 1125 3456 advertit
1142 3367 1280 3469 miser,
1308 3367 1362 3460 de
1378 3370 1561 3490 suspesio
1583 3395 1683 3456 cum
1705 3367 1798 3454 Tri·
1919 3410 1920 3419 κ

323 3483 487 3603 bigildo
510 3483 767 3580 commercio
783 3482 914 3568 teneri
928 3483 967 3568 se
985 3475 1117 3599 polle,
1144 3478 1276 3575 litam
1293 3505 1412 3576 tetrae
1425 3488 1541 3603 pacis
1564 3479 1704 3569 suasor
1719 3509 1794 3572 ve·

323 3604 444 3689 niret.
513 3595 638 3684 Adeo
666 3591 806 3696 furor,
840 3597 1055 3694 &odium
1078 3621 1265 3689 mentem
1292 3597 1542 3694 everterunt.
1587 3593 1798 3696 Tenetur.

321 3715 512 3820 Vestrum
532 3715 617 3827 jam
635 3711 717 3812 est,
752 3711 1002 3812 decernere,
1031 3740 1141 3814 non,
1183 3743 1286 3806 num
1313 3712 1580 3803 damnandus
1611 3711 1685 3813 fit,
1717 3715 1801 3830 qui

212 3861 216 3870 ·
323 3823 811 3947 desidiae&proditionis
827 3829 1043 3918 convitlus
1056 3827 1130 3934 est:
1162 3827 1233 3916 sed
1249 3854 1378 3942 quarn
1395 3830 1510 3948 gravi
1524 3854 1659 3948 poena
1672 3826 1794 3917 darn·
1866 3903 1876 3926 ,
1918 3866 1919 3873 ¹

322 3943 491 4033 naudus
504 3942 578 4043 fit,
608 3946 682 4060 qui
704 3940 744 4033 se
766 3944 1008 4032 Romanum
1027 3940 1254 4031 Consulem
1269 3945 1315 4033 in
1334 3969 1483 4035 manus
1505 3945 1686 4035 hostium
1705 3962 1794 4031 tra·

322 4060 420 4148 dere
436 4059 603 4150 voluille
621 4049 865 4158 confitetur,
890 4063 940 4162 ,dt
956 4059 1098 4174 jatiat¹
1128 4059 1349 4170 Arcadiae
1373 4057 1526 4157 Gravis
1554 4057 1797 4152 accusatius

184 4151 198 4176 '
321 4173 444 4278 Quid
458 4172 597 4262 dicitis
620 4177 785 4264 Patres?
816 4171 973 4262 mmet.
991 4173 1109 4269 Reus
1126 4175 1184 4265 est
1205 4175 1387 4269 Gainas!
1416 4176 1685 4269 damnamus!
1707 4173 1794 4264 Ett-

263 4429 269 4448 Ι
320 4293 484 4408 tropius.
515 4288 607 4379 Fiat
626 4285 800 4403 justitia,
832 4291 988 4384 Caesari
1004 4293 1213 4430 ,audiatur
1234 4297 1291 4390 da
1306 4297 1445 4436 altera
1460 4290 1567 4414 pars.
1603 4287 1792 4502 ddbdtlid
