4050 5000
316 18 363 107 0
379 11 525 109 salve,
564 11 762 126 Magister
795 8 1000 127 optime!
1086 6 1149 93 uis
1178 4 1269 120 jam
1304 1 1364 90 est
1390 6 1579 96 maxime
1610 11 1798 104 confiiiit

176 203 199 244 ,,
317 157 424 248 opus
450 131 496 215 in
521 127 820 230 haemiseria,
847 153 942 240 quae
968 153 1036 211 me
1063 123 1227 240 premit.
1286 121 1482 236 Magister
1504 125 1675 246 Abusus.
1706 133 1798 219 De.

317 246 403 336 fine
424 245 687 442 puerelarunr
719 245 764 328 in
786 243 859 328 isto
880 263 1081 357 tempore.
1140 237 1255 324 Nam
1289 237 1384 350 quis
1408 238 1467 327 est
1496 242 1571 330 hic
1598 243 1691 333 usus
1715 272 1798 334 no·

318 387 397 454 uus
452 383 545 458 ere,
580 387 763 476 gemere,
787 357 962 472 suspiriis
986 381 1134 443 auram
1162 349 1358 452 inficere,
1387 383 1486 446 cunr
1517 386 1664 450 omnes
1695 389 1800 479 gen.

319 495 385 566 tes
406 471 556 562 hiiaria
575 475 760 566 vivunt?
792 473 1017 570 Veneram,
1033 490 1083 558 ut
1099 497 1176 588 pro
1197 495 1317 556 more
1328 497 1423 558 meo
1449 473 1728 564 bacchanalia
1737 497 1813 566 te··

322 619 421 682 cum
456 617 478 676 a
509 619 653 691 erem,
679 589 882 706 quoniam
906 585 1108 686 sciebam,
1131 586 1216 674 huc
1234 611 1365 700 usque
1381 613 1447 672 me
1463 587 1544 674 tibi
1564 587 1799 682 suissecha·

320 735 445 799 rum:
473 618 546 794 sed
566 705 741 795 domum
761 703 984 820 ingressus,
1016 703 1171 803 nescio,
1191 701 1313 818 quod
1340 703 1502 790 malum·
1516 723 1705 794 metuere
1728 710 1799 798 in·

320 823 463 940 cipio:
491 825 551 910 ita
579 821 738 936 ubique
767 819 900 908 trister
926 837 1185 918 occurrunt,
1224 821 1268 908 &
1298 837 1421 908 tetrae
1447 817 1595 919 socies,
1641 821 1797 911 solitu-

323 937 410 1038 do,
438 935 648 1026 filentium
661 993 677 1036 ,
705 961 877 1024 moeror.
934 933 1150 1046 Suspirius.
1177 932 1300 1040 Quid
1329 933 1486 1052 possem
1506 937 1616 1023 aliter
1630 937 1674 1022 in
1693 955 1796 1024 tan-

321 1075 369 1143 ta
398 1048 940 1172 perfidiadomesticorum?
972 1051 1074 1138 Ah!
1103 1049 1275 1140 Nescis!
1310 1050 1505 1166 Magrster
1520 1045 1800 1168 Abusuffigo

319 1173 409 1288 jam
438 1169 581 1256 omnia
609 1167 709 1266 scio.
766 1167 903 1254 Horas
933 1165 1107 1282 quidem
1135 1163 1262 1255 furati
1288 1166 1386 1256 sunt
1415 1167 1524 1268 tibi,
1554 1163 1801 1254 diffimulan·

321 1305 367 1374 te
381 1285 581 1380 Incutior
611 1281 770 1398 grande
805 1285 993 1371 crimen!
1025 1281 1235 1400 dignum,
1275 1282 1396 1400 quod
1422 1283 1496 1371 iste
1527 1283 1801 1396 Locutulejus

321 1418 448 1489 tanto
478 1399 598 1486 hiatu
626 1396 866 1516 amplificet.
933 1396 1159 1514 Discursus.
1181 1397 1310 1490 Parce
1328 1385 1555 1504 convitiis,
1593 1397 1701 1486 Non
1714 1399 1802 1484 sum

329 1518 393 1624 is,
420 1518 494 1630 qui
523 1513 667 1602 audire
697 1539 788 1601 non
830 1513 960 1612 velit,
1010 1510 1038 1598 fi
1074 1514 1257 1602 excusari
1305 1517 1464 1604 crimen
1482 1513 1800 1632 aliquomodo

329 1629 467 1752 possit.
539 1629 747 1718 Nondum
779 1629 968 1718 damnati
990 1629 1087 1718 sunt
1108 1621 1257 1728 Fures}
1300 1629 1428 1730 fist,
1459 1633 1533 1749 qui
1557 1628 1803 1722 causamsue

328 1749 480 1864 scipiat
496 1801 510 1848 ‚
563 1745 647 1863 ipse
686 1744 942 1846 suademur
971 1746 1152 1844 audias,
1211 1747 1439 1846 Domine,-
1470 1768 1520 1836 ut
1546 1743 1669 1864 possis
1697 1743 1801 1834 serre

323 1863 574 1955 sententiam
596 1865 786 1978 aequitati
814 1891 865 1949 ac
892 1860 1127 1976 prudentia
1156 1863 1481 1952 consentaneam
1494 1865 1636 1980 magis.
1697 1863 1801 1949 Prae-

324 1999 439 2070 terea
469 1977 571 2065 mihi
599 1976 652 2063 de
675 1995 742 2075 te,
772 1977 1001 2094 Magister,
1028 1996 1151 2064 tanta
1178 1967 1423 2070 existimatio
1445 1978 1517 2079 est,
1533 1977 1803 2094 quodsciarn,

322 2092 556 2186 Prudentio
570 2093 840 2211 patentirneo
863 2111 907 2179 te
928 2092 972 2178 in
989 2094 1125 2208 pretio
1146 2093 1236 2194 esse,
1257 2114 1306 2183 ut
1323 2097 1453 2183 nolim
1470 2095 1672 2212 probare,
1685 2093 1802 2208 quod

325 2210 539 2329 improbas
553 2228 623 2308 tu,
645 2236 797 2325 meque
811 2211 856 2298 δι
870 2206 1063 2297 adversus
1079 2207 1270 2309 Patrem,
1308 2211 1565 2302 &adversus
1584 2209 1804 2327 meipsum

323 2346 599 2448 peccaturum
622 2328 791 2441 opiner,
812 2323 842 2411 ii
869 2353 936 2412 me
949 2323 1026 2412 tibi
1044 2351 1315 2440 opponerem.
1363 2327 1568 2442 Monsfler.
1578 2327 1713 2444 Sapis,
1736 2327 1803 2412 Di·

325 2443 460 2534 screti.
511 2439 636 2529 'Certe
660 2440 1504 2558 hucusqueitaMagisteriosunsiussum,
1521 2463 1652 2531 utme
1666 2438 1804 2559 paffim

325 2562 514 2678 regna&
529 2561 758 2677 prouinciae
785 2556 1020 2673 expesient.
1077 2558 1227 2671 ltaque
1255 2579 1304 2646 ut
1323 2560 1808 2659 veniamusadcausama

303 2676 450 2774 mihi,
477 2674 595 2789 qnod
615 2673 1109 2789 saepemoneretevosui‚
1135 2674 1704 2793 Conscientiuasratm-tuus,
1731 2674 1807 2766 Su·

330 2791 425 2911 spiri
439 2846 453 2891 ,
484 2788 617 2877 homo
647 2788 921 2888 atrabisiarius
948 2787 1141 2887 videtur,
1170 2792 1402 2880 &nimium
1420 2788 1652 2909 phantasrte
1676 2791 1809 2881 obno-

329 2912 452 3001 xiuo:
499 2908 544 2996 δι
568 2902 706 2993 solent
732 2902 942 3019 ejusmodi
974 2902 1159 2991 muscam
1196 2930 1276 3023 pto
1303 2908 1532 3025 eiephanto
1557 2944 1597 3007 ,·
1625 2906 1807 2997 culicem

334 3052 413 3145 pro
437 3022 600 3111 cameio
626 3004 793 3109 habere.
858 3018 930 3106 Tu
952 3020 1071 3133 quod
1103 3020 1226 3111 Usus·
1244 3023 1427 3139 probat,
1460 3052 1488 3111 a
1510 3044 1588 3112 tuo
1614 3022 1807 3142 Principe

333 3138 563 3257 improbari
586 3166 640 3225 ne
664 3135 802 3229 crede.
858 3134 1059 3223 Thesauri
1083 3136 1458 3228 administratorem
1482 3160 1526 3229 te
1549 3141 1632 3259 ipse
1653 3144 1806 3230 consti·

336 3260 448 3350 tuitr
478 3284 585 3370 quas
606 3256 720 3371 seges
742 3251 1112 3344 administrationis
1131 3252 1413 3371 prascripfit?
1459 3256 1562 3343 Non
1594 3258 1696 3345 alias
1728 3260 1805 3347 uti·

338 3396 454 3485 que,
480 3370 554 3457 nisr
582 3398 686 3487 quas
706 3386 852 3489 gentes
866 3394 1017 3457 omnes
1039 3368 1279 3485 sequuntur.
1337 3373 1449 3477 Quae
1466 3400 1566 3461 veto
1595 3370 1663 3460 est.
1683 3400 1812 3489 gens,

335 3509 436 3601 quoe
462 3510 557 3576 non
578 3489 686 3581 vivit
712 3513 767 3577 ex
794 3484 902 3575 usu?
942 3484 1037 3603 Ego
1053 3484 1266 3615 omnibus
1288 3488 1432 3605 legum
1462 3490 1671 3609 interpres
1698 3488 1814 3591 sum,

1458 3668 1466 3679 ·
1562 3675 1567 3684 .
1682 3630 1761 3695 nte
1804 3674 1812 3687 .
