4050 5000
290 534 372 619 rit
584 554 587 564 ·
680 598 684 607 ,
819 498 1237 643 EUTR.QPlUS.

287 716 524 813 voluntate.
580 710 731 833 ltaque
755 740 862 835 quor
885 714 1063 837 posthac
1078 712 1291 805 Ministros
1305 714 1449 835 leger,
1477 713 1641 920 tibip'ue
1661 710 1763 809 fide
1791 676 1797 683 ⁶

289 833 371 935 lea,
394 832 451 969 Ιδι·
459 831 637 949 Imperio
655 832 775 923 utilea
790 837 958 949 cupies,
987 832 1182 921 tribusut
1202 828 1375 920 dotibus
1397 835 1534 922 ornati
1565 835 1631 922 int
1644 860 1759 935 cura,

290 950 514 1155 zegpprone',
545 941 793 1063 prudentia,
820 950 863 1037 δι
876 942 1204 1060 justitiaelaude.
1291 947 1374 1035 Cui
1394 948 1510 1037 nulla
1524 939 1672 1067 'religio
1689 947 1760 1051 est,

290 1321 378 1415 quo
431 1294 608 1411 imperat
626 1293 747 1382 ratio.
805 1291 949 1400 Quem
965 1317 1057 1380 non
1080 1292 1352 1384 commendat
1369 1292 1545 1409 justitia,
1575 1290 1670 1382 odit
1684 1320 1762 1409 po·

292 1409 449 1530 pulus,
494 1410 568 1525 qui
583 1486 588 1495 .
602 1409 748 1520 jugum
780 1409 989 1522 patienter
1015 1432 1106 1493 non
1134 1408 1289 1499 tolerat
1306 1466 1328 1510 ,ι
1383 1407 1456 1495 nii
1482 1407 1607 1496 suave
1631 1406 1787 1499 faciat-

136 1174 141 1179 ,
383 1091 430 1152 ua
458 1062 516 1151 ell
535 1060 686 1150 horror
723 1061 949 1158 scelerum,
987 1085 1255 1177 quoacunque
1277 1060 1447 1181 poliunt
1475 1065 1646 1154 occulta
1668 1062 1762 1154 elie.
1829 1158 1833 1167 ,
1951 1071 1952 1076 '

130 1196 133 1201 ·
290 1180 385 1290 Qui
433 1174 625 1266 rudenti'a
645 1196 787 1275 caret,
815 1174 974 1293 impetu
991 1177 1112 1293 agit,
1142 1176 1263 1293 quod
1282 1174 1429 1267 suadet
1447 1172 1639 1276 offelini,
1667 1203 1762 1271 non

292 1550 423 1620 amor.
480 1522 685 1612 Arcadius.
712 1520 875 1610 Scimus
888 1518 982 1609 haec
998 1522 1224 1621 axiomata.
1282 1523 1368 1615 Sed
1389 1519 1608 1641 quiamihi
1627 1520 1762 1637 fingu-
1951 1611 1952 1616 i

291 1642 429 1731 lorum
448 1634 577 1729 corda
604 1638 784 1755 aperiat,
814 1639 860 1725 δι
878 1638 922 1722 in
942 1633 1102 1724 fodinis
1114 1656 1205 1725 tarn
1232 1638 1388 1729 abditis
1408 1667 1558 1731 aurum
1578 1637 1764 1754 spurium

292 1756 538 1846 discernata
559 1778 661 1842 vero
683 1752 704 1839 ?
730 1744 968 1953 procnfis
983 1752 1229 1868 religionem
1252 1757 1480 1853 mentitur,
1505 1753 1654 1844 astutia
1669 1774 1763 1865 pru·
1927 1766 1931 1771 ’

292 1870 506 1970 dentiam,
536 1867 707 1956 avaritia
722 1873 767 1980 ju
802 1868 918 1953 itiam
942 1864 1117 1955 fimulat.
1143 1866 1406 1985 Decipimur.
1467 1866 1766 1983 Chryfirflomur.

269 1990 397 2097 ⁸Non
416 2011 504 2073 una
529 1980 618 2071 dies
629 1981 790 2098 detegit
812 1978 992 2071 fraudes.
1012 2018 1016 2023 ’
1051 1985 1201 2099 ltaque
1215 1983 1355 2083 donec
1372 1980 1476 2099 quid
1491 1986 1636 2082 lateat,
1654 1982 1772 2081 scias,
1951 2053 1952 2058 a

291 2102 440 2194 festina
464 2102 613 2234 lente,
640 2124 722 2185 nec
740 2095 972 2231 ⁸hornincrn
1003 2124 1219 2217 promove.
1284 2097 1405 2232 Nihil
1433 2097 1635 2215 sanguis,
1660 2094 1771 2185 nihil

293 2214 757 2422 ”p‘l’sllllll‘tl
781 2212 1771 2443 “tilioli‘illl‘llllll‘l'l‘rl

291 2333 475 2548 diffie,
553 2447 615 2536 uis
640 2386 792 2580 laeatud
817 2453 1003 2562 regnare.
1070 2447 1217 2538 Sermo
1249 2391 1393 2544 dudan
1418 2448 1464 2540 δι
1488 2358 1683 2566 petdlat’as
1710 2438 1772 2531 de

185 2609 191 2619 ·
292 2567 463 2658 summis
485 2561 694 2681 Mysterns
715 2581 1012 2675 contemptum
1032 2564 1245 2678 religionis
1259 2566 1433 2692 prpditt
1461 2559 1656 2657 consilia,
1669 2583 1772 2760 pue

104 2707 106 2714 ¹
158 2709 178 2726 ··
290 2686 463 2804 placent
485 2697 679 2775 tanturn,
708 2679 752 2768 δε
782 2675 957 2794 prosunt
979 2675 1111 2775 nihil,
1141 2699 1325 2794 arguunt
1352 2673 1563 2766 defeuum
1588 2700 1667 2791 pru

291 2803 391 2892 tiae:
419 2822 536 2886 arnor
564 2793 757 2911 pecuniae
787 2790 936 2909 odium
961 2789 1256 2908 justitimparit
1286 2799 1304 2880 τ’
1335 2819 1465 2908 quem
1484 2790 1571 2878 tale
1592 2783 1771 2902 aliquod

177 3010 182 3022 ,
291 2917 439 3034 lligrna
460 2917 617 3007 notat,
646 2909 883 2998 cavendum
900 2928 1019 3023 pora.
1076 2907 1287 2998 Arcadius.
1314 2909 1447 2998 Nunc
1466 2920 1595 3022 quem
1611 2928 1771 3018 ponam

269 3036 338 3122 ‘in
368 3027 561 3142 Eutropii
582 3025 762 3126 locum‘l
821 3019 1121 3140 chrysostomus.
1147 3025 1479 3114 Aurelianum&
1496 3020 1772 3108 Saturninum

215 3220 220 3228 .
292 3146 457 3242 habes,
485 3141 687 3258 probatos
708 3142 841 3238 viros,
871 3139 1025 3256 quibus
1044 3142 1209 3228 utinam
1225 3139 1417 3258 paroilles
1436 3137 1615 3258 pridem.
1644 3132 1770 3224 Arca·
1862 3180 1868 3192 ·

159 3354 163 3369 ,
297 3267 397 3358 dius.
438 3257 681 3372 Utrumque
703 3255 863 3344 Gainaa
910 3252 1036 3353 odit,
1062 3273 1241 3371 uterque
1267 3257 1490 3347 Gainamt
1532 3277 1669 3341 novas
1682 3269 1769 3338 tut·

293 3377 374 3468 bas
399 3371 620 3492 prospicio.
681 3358 978 3490 chrysostomus.
1008 3371 1059 3457 ln
1076 3370 1211 3489 turbis
1228 3367 1442 3461 tenebunt
1456 3371 1637 3459 clavum.
1677 3364 1772 3454 Aut

297 3485 690 3619 quidi'regendam
710 3513 861 3578 navern
869 3485 1019 3575 Galnae
1035 3484 1212 3576 trades?
1238 3489 1449 3576 Arcadius.
1466 3481 1518 3570 ld
1533 3481 1622 3580 eli,
1649 3476 1772 3600 quod

259 3613 284 3658 '⁸
298 3607 474 3725 expetit.
540 3604 735 3692 Hominis
759 3601 980 3690 audaciam
998 3600 1203 3718 stupesce,
1217 3601 1400 3696 Praesull
1427 3597 1543 3686 Mihi
1563 3623 1663 3685 corn
1679 3592 1771 3682 Tri·

299 3723 466 3844 bigildo
488 3717 704 3810 colludere
723 3721 809 3835 jam
826 3743 915 3805 non
932 3717 991 3804 est
1011 3715 1188 3804 dubium
1219 3749 1234 3803 τ
1260 3717 1332 3806 sed
1355 3712 1510 3804 modus
1523 3708 1774 3802 vindicandi
1846 3788 1850 3797 .

300 3865 390 3930 non
409 3837 481 3933 eil.
539 3833 683 3925 Hacs
743 3831 911 3923 inflatus
924 3890 940 3932 ,
955 3831 1068 3922 ¹cum
1093 3831 1263 3924 litatum
1287 3849 1516 3922 nocentem
1543 3827 1681 3928 vidit,
1708 3827 1771 3915 in·

301 3957 471 4047 uoluere
485 3951 632 4040 eadem
687 3977 731 4040 ta

300 4097 408 4166 num
430 4067 600 4211 epulare
618 3980 971 4203 curndutropio,
996 4084 1049 4155 ut
1064 4066 1275 4181 jubeam,
1304 4062 1454 4169 lualit,
1479 4055 1676 4157 ficellem
1701 4081 1773 4172 pa·

1616 4197 1715 4266 cem
1776 4253 1781 4259 .

760 3948 998 4040 einnoxios
1017 3949 1151 4062 cupit.
1234 3949 1510 4042 Aurelianum
1524 3949 1569 4040 &
1583 3941 1813 4034 Saturnis
1945 4002 1946 4043 ÷
