<?xml version="1.0" encoding="UTF-8"?>
<!DOCTYPE html PUBLIC "-//W3C//DTD XHTML 1.0 Transitional//EN"
    "http://www.w3.org/TR/xhtml1/DTD/xhtml1-transitional.dtd">
<html xmlns="http://www.w3.org/1999/xhtml" xml:lang="en" lang="en">
 <head>
  <title>
</title>
<meta http-equiv="Content-Type" content="text/html;charset=utf-8" />
  <meta name='ocr-system' content='tesseract 3.04.00' />
  <meta name='ocr-capabilities' content='ocr_page ocr_carea ocr_par ocr_line ocrx_word'/>
</head>
<body>
  <div class='ocr_page' id='page_1' title='image "./theatrumpolitic00neumgoog_0377.png"; bbox 0 0 4050 5000; ppageno 0'>
   <div class='ocr_carea' id='block_1_1' title="bbox 266 432 1716 587">
    <p class='ocr_par' dir='ltr' id='par_1_1' title="bbox 266 432 1716 587">
     <span class='ocr_line' id='line_1_1' title="bbox 266 432 1716 587; baseline 0.004 -20"><span class='ocrx_word' id='word_1_1' title='bbox 266 528 275 551; x_wconf 44' lang='lat'>·„</span> <span class='ocrx_word' id='word_1_2' title='bbox 421 434 866 573; x_wconf 73' lang='lat' dir='ltr'>aaruncnnuu</span> <span class='ocrx_word' id='word_1_3' title='bbox 896 456 1494 568; x_wconf 72' lang='lat' dir='ltr'>concurrentum.</span> <span class='ocrx_word' id='word_1_4' title='bbox 1529 432 1554 481; x_wconf 80' lang='lat'><em>&#39;</em></span> <span class='ocrx_word' id='word_1_5' title='bbox 1595 434 1716 587; x_wconf 68' lang='lat'>¹³75·</span> 
     </span>
    </p>
   </div>
   <div class='ocr_carea' id='block_1_2' title="bbox 89 638 1891 2519">
    <p class='ocr_par' dir='ltr' id='par_1_2' title="bbox 231 638 1705 1017">
     <span class='ocr_line' id='line_1_2' title="bbox 231 638 1701 785; baseline -0.007 -17"><span class='ocrx_word' id='word_1_6' title='bbox 231 671 391 767; x_wconf 77' lang='lat' dir='ltr'>vastata</span> <span class='ocrx_word' id='word_1_7' title='bbox 407 697 611 770; x_wconf 88' lang='lat' dir='ltr'>nemora,</span> <span class='ocrx_word' id='word_1_8' title='bbox 640 673 685 761; x_wconf 89' lang='lat'>&amp;</span> <span class='ocrx_word' id='word_1_9' title='bbox 699 664 934 760; x_wconf 76' lang='lat' dir='ltr'>redadaein</span> <span class='ocrx_word' id='word_1_10' title='bbox 951 666 1132 759; x_wconf 89' lang='lat' dir='ltr'>cinerem</span> <span class='ocrx_word' id='word_1_11' title='bbox 1155 658 1277 785; x_wconf 81' lang='lat' dir='ltr'>urbes</span> <span class='ocrx_word' id='word_1_12' title='bbox 1298 666 1403 785; x_wconf 79' lang='lat' dir='ltr'>sape</span> <span class='ocrx_word' id='word_1_13' title='bbox 1424 638 1611 757; x_wconf 76' lang='lat' dir='ltr'>scintillae</span> <span class='ocrx_word' id='word_1_14' title='bbox 1628 662 1701 757; x_wconf 64' lang='lat' dir='ltr'>dee</span> 
     </span>
     <span class='ocr_line' id='line_1_3' title="bbox 234 784 1703 905; baseline -0.004 -28"><span class='ocrx_word' id='word_1_15' title='bbox 234 791 344 881; x_wconf 90' lang='lat' dir='ltr'>bent</span> <span class='ocrx_word' id='word_1_16' title='bbox 370 790 568 905; x_wconf 81' lang='lat' dir='ltr'>imputari</span> <span class='ocrx_word' id='word_1_17' title='bbox 589 794 680 875; x_wconf 81' lang='lat' dir='ltr'>noir</span> <span class='ocrx_word' id='word_1_18' title='bbox 699 784 835 872; x_wconf 88' lang='lat' dir='ltr'>statim</span> <span class='ocrx_word' id='word_1_19' title='bbox 859 784 1032 899; x_wconf 87' lang='lat' dir='ltr'>sopitae:</span> <span class='ocrx_word' id='word_1_20' title='bbox 1063 792 1107 878; x_wconf 78' lang='grc' dir='ltr'>δι</span> <span class='ocrx_word' id='word_1_21' title='bbox 1132 807 1321 883; x_wconf 87' lang='lat' dir='ltr'>torrens,</span> <span class='ocrx_word' id='word_1_22' title='bbox 1349 788 1416 873; x_wconf 92' lang='lat' dir='ltr'>cui</span> <span class='ocrx_word' id='word_1_23' title='bbox 1441 784 1597 871; x_wconf 88' lang='lat' dir='ltr'>molem</span> <span class='ocrx_word' id='word_1_24' title='bbox 1617 805 1703 871; x_wconf 87' lang='lat' dir='ltr'>ma·</span> 
     </span>
     <span class='ocr_line' id='line_1_4' title="bbox 234 897 1705 1017; baseline -0.005 -25"><span class='ocrx_word' id='word_1_25' title='bbox 234 924 332 992; x_wconf 89' lang='lat' dir='ltr'>tute</span> <span class='ocrx_word' id='word_1_26' title='bbox 347 929 439 991; x_wconf 93' lang='lat' dir='ltr'>non</span> <span class='ocrx_word' id='word_1_27' title='bbox 457 902 867 1017; x_wconf 66' lang='lat' dir='ltr'>objicio-minoribus</span> <span class='ocrx_word' id='word_1_28' title='bbox 886 897 1165 991; x_wconf 79' lang='lat' dir='ltr'>montium&#39;ac</span> <span class='ocrx_word' id='word_1_29' title='bbox 1179 901 1348 988; x_wconf 78' lang='lat' dir='ltr'>vallium</span> <span class='ocrx_word' id='word_1_30' title='bbox 1365 898 1532 987; x_wconf 82' lang='lat' dir='ltr'>fluentis</span> <span class='ocrx_word' id='word_1_31' title='bbox 1543 898 1705 997; x_wconf 75' lang='lat' dir='ltr'>andus,</span> 
     </span>
    </p>

    <p class='ocr_par' dir='ltr' id='par_1_3' title="bbox 92 1010 1745 1356">
     <span class='ocr_line' id='line_1_5' title="bbox 92 1010 1745 1136; baseline -0.005 -29"><span class='ocrx_word' id='word_1_32' title='bbox 92 1024 96 1031; x_wconf 83' lang='lat'>&#39;</span> <span class='ocrx_word' id='word_1_33' title='bbox 236 1022 283 1106; x_wconf 91' lang='lat' dir='ltr'>in</span> <span class='ocrx_word' id='word_1_34' title='bbox 304 1020 611 1136; x_wconf 89' lang='lat' dir='ltr'>provinciarum</span> <span class='ocrx_word' id='word_1_35' title='bbox 634 1016 842 1108; x_wconf 83' lang='lat' dir='ltr'>excidium</span> <span class='ocrx_word' id='word_1_36' title='bbox 865 1014 1073 1104; x_wconf 87' lang='lat' dir='ltr'>insolescit</span> <span class='ocrx_word' id='word_1_37' title='bbox 1089 1018 1300 1104; x_wconf 84' lang='lat' dir='ltr'>atrociter.</span> <span class='ocrx_word' id='word_1_38' title='bbox 1361 1016 1505 1125; x_wconf 73' lang='lat' dir='ltr'>Lagus.</span> <span class='ocrx_word' id='word_1_39' title='bbox 1528 1014 1626 1101; x_wconf 91' lang='lat' dir='ltr'>Hoc</span> <span class='ocrx_word' id='word_1_40' title='bbox 1635 1010 1705 1111; x_wconf 87' lang='lat' dir='ltr'>est,</span> <span class='ocrx_word' id='word_1_41' title='bbox 1741 1110 1745 1119; x_wconf 23' lang='lat'><strong><em>¹</em></strong></span> 
     </span>
     <span class='ocr_line' id='line_1_6' title="bbox 238 1129 1706 1250; baseline -0.004 -29"><span class='ocrx_word' id='word_1_42' title='bbox 238 1133 360 1250; x_wconf 83' lang='lat' dir='ltr'>quod</span> <span class='ocrx_word' id='word_1_43' title='bbox 374 1154 530 1223; x_wconf 89' lang='lat' dir='ltr'>metuo.</span> <span class='ocrx_word' id='word_1_44' title='bbox 574 1136 668 1246; x_wconf 83' lang='lat' dir='ltr'>Jam</span> <span class='ocrx_word' id='word_1_45' title='bbox 685 1134 817 1222; x_wconf 87' lang='lat' dir='ltr'>serum</span> <span class='ocrx_word' id='word_1_46' title='bbox 838 1135 921 1229; x_wconf 83' lang='lat' dir='ltr'>est,</span> <span class='ocrx_word' id='word_1_47' title='bbox 945 1132 986 1219; x_wconf 91' lang='lat' dir='ltr'>vi</span> <span class='ocrx_word' id='word_1_48' title='bbox 1001 1129 1575 1245; x_wconf 56' lang='lat' dir='ltr'>&amp;armisrebellesdomarm</span> <span class='ocrx_word' id='word_1_49' title='bbox 1606 1156 1706 1217; x_wconf 89' lang='lat' dir='ltr'>cum</span> 
     </span>
     <span class='ocr_line' id='line_1_7' title="bbox 236 1244 1707 1356; baseline -0.003 -20"><span class='ocrx_word' id='word_1_50' title='bbox 236 1248 364 1337; x_wconf 87' lang='lat' dir='ltr'>horas</span> <span class='ocrx_word' id='word_1_51' title='bbox 376 1248 535 1337; x_wconf 83' lang='lat' dir='ltr'>habent</span> <span class='ocrx_word' id='word_1_52' title='bbox 550 1247 739 1340; x_wconf 86' lang='lat' dir='ltr'>faventes</span> <span class='ocrx_word' id='word_1_53' title='bbox 759 1246 842 1335; x_wconf 79' lang='lat' dir='ltr'>fibi</span> <span class='ocrx_word' id='word_1_54' title='bbox 864 1245 952 1334; x_wconf 87' lang='lat' dir='ltr'>Nifi</span> <span class='ocrx_word' id='word_1_55' title='bbox 964 1244 1181 1335; x_wconf 78' lang='lat' dir='ltr'>blanditiis</span> <span class='ocrx_word' id='word_1_56' title='bbox 1197 1244 1300 1333; x_wconf 85' lang='lat' dir='ltr'>mihi</span> <span class='ocrx_word' id='word_1_57' title='bbox 1311 1247 1550 1356; x_wconf 88' lang='lat' dir='ltr'>conciliem,</span> <span class='ocrx_word' id='word_1_58' title='bbox 1567 1245 1707 1332; x_wconf 76' lang='lat' dir='ltr'>adum</span> 
     </span>
    </p>

    <p class='ocr_par' dir='ltr' id='par_1_4' title="bbox 89 1342 1891 2519">
     <span class='ocr_line' id='line_1_8' title="bbox 214 1342 1715 1481; baseline -0.004 -30"><span class='ocrx_word' id='word_1_59' title='bbox 214 1342 293 1451; x_wconf 65' lang='lat' dir='ltr'>lle</span> <span class='ocrx_word' id='word_1_60' title='bbox 312 1390 441 1481; x_wconf 86' lang='lat' dir='ltr'>regno</span> <span class='ocrx_word' id='word_1_61' title='bbox 456 1364 526 1452; x_wconf 88' lang='lat' dir='ltr'>est.</span> <span class='ocrx_word' id='word_1_62' title='bbox 596 1358 811 1475; x_wconf 79' lang='lat' dir='ltr'>Virtuosur..</span> <span class='ocrx_word' id='word_1_63' title='bbox 834 1364 979 1469; x_wconf 77' lang='lat' dir='ltr'>Quum</span> <span class='ocrx_word' id='word_1_64' title='bbox 1000 1390 1083 1479; x_wconf 86' lang='lat' dir='ltr'>ego</span> <span class='ocrx_word' id='word_1_65' title='bbox 1102 1363 1350 1479; x_wconf 83' lang='lat' dir='ltr'>degenerem</span> <span class='ocrx_word' id='word_1_66' title='bbox 1372 1389 1522 1451; x_wconf 89' lang='lat' dir='ltr'>vocem</span> <span class='ocrx_word' id='word_1_67' title='bbox 1545 1360 1673 1447; x_wconf 87' lang='lat' dir='ltr'>audio</span> <span class='ocrx_word' id='word_1_68' title='bbox 1688 1359 1715 1446; x_wconf 79' lang='lat'>?.</span> 
     </span>
     <span class='ocr_line' id='line_1_9' title="bbox 89 1475 1711 1595; baseline -0.003 -30"><span class='ocrx_word' id='word_1_69' title='bbox 89 1568 90 1579; x_wconf 14' lang='grc' dir='ltr'><strong><em>Ν</em></strong></span> <span class='ocrx_word' id='word_1_70' title='bbox 237 1478 380 1590; x_wconf 68' lang='lat' dir='ltr'>logica</span> <span class='ocrx_word' id='word_1_71' title='bbox 400 1476 598 1595; x_wconf 85' lang='lat' dir='ltr'>Regnare</span> <span class='ocrx_word' id='word_1_72' title='bbox 628 1476 787 1577; x_wconf 89' lang='lat' dir='ltr'>nescit,</span> <span class='ocrx_word' id='word_1_73' title='bbox 816 1477 1036 1576; x_wconf 87' lang='lat' dir='ltr'>Virtuose,</span> <span class='ocrx_word' id='word_1_74' title='bbox 1068 1482 1142 1595; x_wconf 91' lang='lat' dir='ltr'>qui</span> <span class='ocrx_word' id='word_1_75' title='bbox 1159 1478 1290 1565; x_wconf 88' lang='lat' dir='ltr'>nescit</span> <span class='ocrx_word' id='word_1_76' title='bbox 1313 1475 1572 1565; x_wconf 83' lang='lat' dir='ltr'>diffimulare.</span> <span class='ocrx_word' id='word_1_77' title='bbox 1630 1476 1711 1561; x_wconf 89' lang='lat' dir='ltr'>Ce-</span> 
     </span>
     <span class='ocr_line' id='line_1_10' title="bbox 89 1573 1837 1709; baseline -0.005 -32"><span class='ocrx_word' id='word_1_78' title='bbox 89 1596 93 1663; x_wconf 84' lang='lat' dir='ltr'>l</span> <span class='ocrx_word' id='word_1_79' title='bbox 190 1668 198 1677; x_wconf 86' lang='lat'>.</span> <span class='ocrx_word' id='word_1_80' title='bbox 234 1594 428 1683; x_wconf 80' lang='lat' dir='ltr'>dandum</span> <span class='ocrx_word' id='word_1_81' title='bbox 452 1592 510 1677; x_wconf 90' lang='lat' dir='ltr'>ad</span> <span class='ocrx_word' id='word_1_82' title='bbox 533 1608 699 1705; x_wconf 88' lang='lat' dir='ltr'>tempus</span> <span class='ocrx_word' id='word_1_83' title='bbox 722 1590 852 1681; x_wconf 88' lang='lat' dir='ltr'>furori</span> <span class='ocrx_word' id='word_1_84' title='bbox 867 1595 957 1709; x_wconf 87' lang='lat' dir='ltr'>est,</span> <span class='ocrx_word' id='word_1_85' title='bbox 989 1590 1092 1679; x_wconf 89' lang='lat' dir='ltr'>dum</span> <span class='ocrx_word' id='word_1_86' title='bbox 1109 1592 1397 1683; x_wconf 84' lang='lat' dir='ltr'>detumescat:</span> <span class='ocrx_word' id='word_1_87' title='bbox 1427 1573 1617 1679; x_wconf 84' lang='lat' dir='ltr'>dandum</span> <span class='ocrx_word' id='word_1_88' title='bbox 1638 1591 1711 1678; x_wconf 87' lang='lat' dir='ltr'>ali·</span> <span class='ocrx_word' id='word_1_89' title='bbox 1829 1656 1837 1669; x_wconf 41' lang='lat' dir='ltr'><em>s</em></span> 
     </span>
     <span class='ocr_line' id='line_1_11' title="bbox 141 1702 1711 1825; baseline 0.003 -36"><span class='ocrx_word' id='word_1_90' title='bbox 141 1778 146 1789; x_wconf 90' lang='lat'>.</span> <span class='ocrx_word' id='word_1_91' title='bbox 266 1709 343 1825; x_wconf 87' lang='lat' dir='ltr'>uid</span> <span class='ocrx_word' id='word_1_92' title='bbox 365 1707 535 1794; x_wconf 87' lang='lat' dir='ltr'>irritatis</span> <span class='ocrx_word' id='word_1_93' title='bbox 555 1704 756 1807; x_wconf 86' lang='lat' dir='ltr'>subditis,</span> <span class='ocrx_word' id='word_1_94' title='bbox 787 1735 841 1795; x_wconf 92' lang='lat' dir='ltr'>ne</span> <span class='ocrx_word' id='word_1_95' title='bbox 858 1710 1028 1825; x_wconf 89' lang='lat' dir='ltr'>rapiant</span> <span class='ocrx_word' id='word_1_96' title='bbox 1046 1707 1179 1825; x_wconf 83' lang='lat' dir='ltr'>plura.</span> <span class='ocrx_word' id='word_1_97' title='bbox 1247 1702 1467 1820; x_wconf 78' lang='lat' dir='ltr'>Vinuosus.</span> <span class='ocrx_word' id='word_1_98' title='bbox 1491 1707 1589 1795; x_wconf 91' lang='lat' dir='ltr'>Hoc</span> <span class='ocrx_word' id='word_1_99' title='bbox 1609 1732 1711 1794; x_wconf 90' lang='lat' dir='ltr'>con·</span> 
     </span>
     <span class='ocr_line' id='line_1_12' title="bbox 234 1738 1712 1942; baseline -0.001 -33"><span class='ocrx_word' id='word_1_100' title='bbox 234 1738 376 1909; x_wconf 46' lang='lat' dir='ltr'>aliurn</span> <span class='ocrx_word' id='word_1_101' title='bbox 392 1818 645 1935; x_wconf 80' lang='lat' dir='ltr'>desperantis</span> <span class='ocrx_word' id='word_1_102' title='bbox 668 1822 744 1921; x_wconf 88' lang='lat' dir='ltr'>est,</span> <span class='ocrx_word' id='word_1_103' title='bbox 771 1848 861 1910; x_wconf 89' lang='lat' dir='ltr'>non</span> <span class='ocrx_word' id='word_1_104' title='bbox 879 1823 1005 1940; x_wconf 87' lang='lat' dir='ltr'>Regis</span> <span class='ocrx_word' id='word_1_105' title='bbox 1027 1822 1187 1911; x_wconf 88' lang='lat' dir='ltr'>Herois.</span> <span class='ocrx_word' id='word_1_106' title='bbox 1256 1823 1337 1942; x_wconf 75' lang='lat' dir='ltr'>Ne</span> <span class='ocrx_word' id='word_1_107' title='bbox 1353 1838 1405 1911; x_wconf 81' lang='lat' dir='ltr'>&#39;tu</span> <span class='ocrx_word' id='word_1_108' title='bbox 1424 1850 1571 1939; x_wconf 87' lang='lat' dir='ltr'>parum</span> <span class='ocrx_word' id='word_1_109' title='bbox 1592 1822 1712 1908; x_wconf 86' lang='lat' dir='ltr'>AEso·</span> 
     </span>
     <span class='ocr_line' id='line_1_13' title="bbox 240 1934 1713 2056; baseline -0.001 -32"><span class='ocrx_word' id='word_1_110' title='bbox 240 1934 459 2053; x_wconf 77' lang='lat' dir='ltr'>phagum,</span> <span class='ocrx_word' id='word_1_111' title='bbox 489 1962 636 2051; x_wconf 83' lang='lat' dir='ltr'>patum</span> <span class='ocrx_word' id='word_1_112' title='bbox 666 1936 919 2027; x_wconf 86' lang='lat' dir='ltr'>Audisacem</span> <span class='ocrx_word' id='word_1_113' title='bbox 942 1936 1079 2037; x_wconf 85' lang='lat' dir='ltr'>nosti,</span> <span class='ocrx_word' id='word_1_114' title='bbox 1110 1936 1338 2056; x_wconf 81' lang='lat' dir='ltr'>sisperas,</span> <span class='ocrx_word' id='word_1_115' title='bbox 1393 1966 1466 2053; x_wconf 83' lang='lat' dir='ltr'>pet</span> <span class='ocrx_word' id='word_1_116' title='bbox 1495 1941 1713 2052; x_wconf 85' lang='lat' dir='ltr'>indulgen·</span> 
     </span>
     <span class='ocr_line' id='line_1_14' title="bbox 237 2048 1712 2171; baseline -0.002 -31"><span class='ocrx_word' id='word_1_117' title='bbox 237 2053 344 2140; x_wconf 88' lang='lat' dir='ltr'>tiam</span> <span class='ocrx_word' id='word_1_118' title='bbox 362 2048 506 2141; x_wconf 85' lang='lat' dir='ltr'>induci</span> <span class='ocrx_word' id='word_1_119' title='bbox 519 2049 575 2138; x_wconf 89' lang='lat' dir='ltr'>ad</span> <span class='ocrx_word' id='word_1_120' title='bbox 587 2052 831 2140; x_wconf 85' lang='lat' dir='ltr'>modestiam</span> <span class='ocrx_word' id='word_1_121' title='bbox 851 2054 979 2171; x_wconf 84' lang='lat' dir='ltr'>polle.</span> <span class='ocrx_word' id='word_1_122' title='bbox 1038 2053 1182 2163; x_wconf 78' lang='lat' dir='ltr'>lngus.</span> <span class='ocrx_word' id='word_1_123' title='bbox 1205 2051 1327 2158; x_wconf 90' lang='lat' dir='ltr'>Quid</span> <span class='ocrx_word' id='word_1_124' title='bbox 1353 2051 1541 2143; x_wconf 82' lang='lat' dir='ltr'>faciam?</span> <span class='ocrx_word' id='word_1_125' title='bbox 1570 2050 1712 2141; x_wconf 91' lang='lat' dir='ltr'>Prodi·</span> 
     </span>
     <span class='ocr_line' id='line_1_15' title="bbox 239 2165 1891 2287; baseline -0.001 -32"><span class='ocrx_word' id='word_1_126' title='bbox 239 2182 310 2257; x_wconf 82' lang='lat' dir='ltr'>tus</span> <span class='ocrx_word' id='word_1_127' title='bbox 324 2167 434 2266; x_wconf 90' lang='lat' dir='ltr'>sum,</span> <span class='ocrx_word' id='word_1_128' title='bbox 465 2166 662 2269; x_wconf 88' lang='lat' dir='ltr'>inermis,</span> <span class='ocrx_word' id='word_1_129' title='bbox 692 2168 776 2255; x_wconf 88' lang='lat' dir='ltr'>fine</span> <span class='ocrx_word' id='word_1_130' title='bbox 805 2169 1008 2257; x_wconf 77' lang='lat' dir='ltr'>satellite!</span> <span class='ocrx_word' id='word_1_131' title='bbox 1038 2165 1122 2255; x_wconf 83' lang='lat' dir='ltr'>fine</span> <span class='ocrx_word' id='word_1_132' title='bbox 1139 2168 1277 2258; x_wconf 86' lang='lat' dir='ltr'>horis!</span> <span class='ocrx_word' id='word_1_133' title='bbox 1315 2167 1530 2286; x_wconf 78' lang='lat' dir='ltr'>Vmuosus.</span> <span class='ocrx_word' id='word_1_134' title='bbox 1544 2170 1713 2256; x_wconf 88' lang='lat' dir='ltr'>Metnm</span> <span class='ocrx_word' id='word_1_135' title='bbox 1886 2274 1891 2287; x_wconf 24' lang='lat'><strong>¹</strong></span> 
     </span>
     <span class='ocr_line' id='line_1_16' title="bbox 237 2270 1712 2400; baseline 0.001 -31"><span class='ocrx_word' id='word_1_136' title='bbox 237 2281 392 2400; x_wconf 81' lang='lat' dir='ltr'>abige,</span> <span class='ocrx_word' id='word_1_137' title='bbox 415 2281 629 2396; x_wconf 80' lang='lat' dir='ltr'>Princeps.</span> <span class='ocrx_word' id='word_1_138' title='bbox 687 2282 808 2369; x_wconf 86' lang='lat' dir='ltr'>Dum</span> <span class='ocrx_word' id='word_1_139' title='bbox 822 2285 927 2371; x_wconf 84' lang='lat' dir='ltr'>vivit</span> <span class='ocrx_word' id='word_1_140' title='bbox 942 2270 1185 2381; x_wconf 88' lang='lat' dir='ltr'>Virtuosus,</span> <span class='ocrx_word' id='word_1_141' title='bbox 1210 2284 1444 2373; x_wconf 76' lang='lat' dir='ltr'>secutores.</span> <span class='ocrx_word' id='word_1_142' title='bbox 1503 2283 1573 2371; x_wconf 82' lang='lat' dir='ltr'>Ad</span> <span class='ocrx_word' id='word_1_143' title='bbox 1585 2284 1712 2373; x_wconf 76' lang='lat' dir='ltr'>vido·</span> 
     </span>
     <span class='ocr_line' id='line_1_17' title="bbox 233 2394 1744 2519; baseline -0.001 -29"><span class='ocrx_word' id='word_1_144' title='bbox 233 2398 340 2491; x_wconf 85' lang='lat' dir='ltr'>1iam</span> <span class='ocrx_word' id='word_1_145' title='bbox 360 2422 450 2483; x_wconf 87' lang='lat' dir='ltr'>nnn</span> <span class='ocrx_word' id='word_1_146' title='bbox 470 2423 577 2511; x_wconf 88' lang='lat' dir='ltr'>opus</span> <span class='ocrx_word' id='word_1_147' title='bbox 595 2394 653 2483; x_wconf 87' lang='lat' dir='ltr'>est</span> <span class='ocrx_word' id='word_1_148' title='bbox 667 2394 775 2483; x_wconf 87' lang='lat' dir='ltr'>hora</span> <span class='ocrx_word' id='word_1_149' title='bbox 792 2398 957 2485; x_wconf 84' lang='lat' dir='ltr'>virtuti:</span> <span class='ocrx_word' id='word_1_150' title='bbox 987 2418 1251 2501; x_wconf 85' lang='lat' dir='ltr'>momentum</span> <span class='ocrx_word' id='word_1_151' title='bbox 1265 2395 1428 2487; x_wconf 89' lang='lat' dir='ltr'>sufficit.</span> <span class='ocrx_word' id='word_1_152' title='bbox 1485 2399 1610 2519; x_wconf 85' lang='lat' dir='ltr'>Erige</span> <span class='ocrx_word' id='word_1_153' title='bbox 1626 2404 1713 2489; x_wconf 86' lang='lat' dir='ltr'>ani·</span> <span class='ocrx_word' id='word_1_154' title='bbox 1738 2424 1744 2431; x_wconf 82' lang='grc'><strong><em>’</em></strong></span> 
     </span>
    </p>
   </div>
   <div class='ocr_carea' id='block_1_3' title="bbox 232 2509 1714 2716">
    <p class='ocr_par' dir='ltr' id='par_1_5' title="bbox 232 2509 1714 2716">
     <span class='ocr_line' id='line_1_18' title="bbox 232 2509 1714 2716; baseline 0.006 -116"><span class='ocrx_word' id='word_1_155' title='bbox 232 2521 385 2601; x_wconf 81' lang='lat' dir='ltr'>mum!</span> <span class='ocrx_word' id='word_1_156' title='bbox 416 2512 500 2600; x_wconf 88' lang='lat' dir='ltr'>Hie</span> <span class='ocrx_word' id='word_1_157' title='bbox 522 2526 566 2600; x_wconf 84' lang='lat' dir='ltr'>te</span> <span class='ocrx_word' id='word_1_158' title='bbox 582 2509 813 2601; x_wconf 87' lang='lat' dir='ltr'>desendet!</span> <span class='ocrx_word' id='word_1_159' title='bbox 843 2513 1088 2626; x_wconf 66' lang='lat' dir='ltr'>rogusnmo</span> <span class='ocrx_word' id='word_1_160' title='bbox 1104 2514 1196 2602; x_wconf 90' lang='lat' dir='ltr'>hic:</span> <span class='ocrx_word' id='word_1_161' title='bbox 1221 2523 1352 2716; x_wconf 52' lang='grc' dir='ltr'>εἶξε(</span> <span class='ocrx_word' id='word_1_162' title='bbox 1374 2513 1599 2606; x_wconf 73' lang='lat' dir='ltr'>fortissime</span> <span class='ocrx_word' id='word_1_163' title='bbox 1616 2519 1714 2611; x_wconf 89' lang='lat' dir='ltr'>serit</span> 
     </span>
    </p>
   </div>
   <div class='ocr_carea' id='block_1_4' title="bbox 121 2627 1939 4352">
    <p class='ocr_par' dir='ltr' id='par_1_6' title="bbox 121 2627 1939 4352">
     <span class='ocr_line' id='line_1_19' title="bbox 232 2627 1710 2746; baseline 0.003 -29"><span class='ocrx_word' id='word_1_164' title='bbox 232 2627 343 2746; x_wconf 81' lang='lat' dir='ltr'>Logi</span> <span class='ocrx_word' id='word_1_165' title='bbox 368 2627 556 2744; x_wconf 83' lang='lat' dir='ltr'>gladius,</span> <span class='ocrx_word' id='word_1_166' title='bbox 584 2655 711 2728; x_wconf 89' lang='lat' dir='ltr'>cum,</span> <span class='ocrx_word' id='word_1_167' title='bbox 741 2655 825 2744; x_wconf 89' lang='lat' dir='ltr'>qua</span> <span class='ocrx_word' id='word_1_168' title='bbox 843 2629 1061 2728; x_wconf 89' lang='lat' dir='ltr'>vibratur,</span> <span class='ocrx_word' id='word_1_169' title='bbox 1089 2627 1210 2716; x_wconf 87' lang='lat' dir='ltr'>sortis</span> <span class='ocrx_word' id='word_1_170' title='bbox 1234 2659 1257 2715; x_wconf 93' lang='lat' dir='ltr'>e</span> <span class='ocrx_word' id='word_1_171' title='bbox 1323 2657 1488 2726; x_wconf 84' lang='lat' dir='ltr'>manus.</span> <span class='ocrx_word' id='word_1_172' title='bbox 1554 2637 1733 2724; x_wconf 69' lang='lat' dir='ltr'>Vmuo</span> 
     </span>
     <span class='ocr_line' id='line_1_20' title="bbox 226 2741 1712 2863; baseline 0.005 -33"><span class='ocrx_word' id='word_1_173' title='bbox 226 2741 308 2863; x_wconf 82' lang='lat' dir='ltr'>[us.</span> <span class='ocrx_word' id='word_1_174' title='bbox 339 2741 573 2832; x_wconf 86' lang='lat' dir='ltr'>Exoscnlor</span> <span class='ocrx_word' id='word_1_175' title='bbox 590 2747 729 2860; x_wconf 86' lang='lat' dir='ltr'>regale</span> <span class='ocrx_word' id='word_1_176' title='bbox 743 2771 911 2832; x_wconf 89' lang='lat' dir='ltr'>munus.</span> <span class='ocrx_word' id='word_1_177' title='bbox 940 2742 1169 2860; x_wconf 85' lang='lat' dir='ltr'>Trepidate</span> <span class='ocrx_word' id='word_1_178' title='bbox 1183 2743 1340 2834; x_wconf 86' lang='lat' dir='ltr'>hostes!</span> <span class='ocrx_word' id='word_1_179' title='bbox 1375 2745 1527 2838; x_wconf 75' lang='lat' dir='ltr'>invitia</span> <span class='ocrx_word' id='word_1_180' title='bbox 1551 2748 1609 2838; x_wconf 89' lang='lat' dir='ltr'>est</span> <span class='ocrx_word' id='word_1_181' title='bbox 1622 2753 1712 2837; x_wconf 89' lang='lat' dir='ltr'>Vir·</span> 
     </span>
     <span class='ocr_line' id='line_1_21' title="bbox 230 2842 1713 2972; baseline 0.005 -24"><span class='ocrx_word' id='word_1_182' title='bbox 230 2879 324 2956; x_wconf 90' lang='lat' dir='ltr'>tus,</span> <span class='ocrx_word' id='word_1_183' title='bbox 355 2887 482 2972; x_wconf 86' lang='lat' dir='ltr'>quarn</span> <span class='ocrx_word' id='word_1_184' title='bbox 505 2842 794 2954; x_wconf 84' lang='lat' dir='ltr'>armatRatio.</span> <span class='ocrx_word' id='word_1_185' title='bbox 881 2857 1087 2955; x_wconf 70' lang='lat' dir='ltr'>vicisim,</span> <span class='ocrx_word' id='word_1_186' title='bbox 1113 2859 1235 2956; x_wconf 85' lang='lat' dir='ltr'>Rex,</span> <span class='ocrx_word' id='word_1_187' title='bbox 1263 2889 1409 2960; x_wconf 78' lang='lat' dir='ltr'>meus,</span> <span class='ocrx_word' id='word_1_188' title='bbox 1440 2863 1638 2966; x_wconf 87' lang='lat' dir='ltr'>obsecro,</span> <span class='ocrx_word' id='word_1_189' title='bbox 1668 2889 1713 2955; x_wconf 92' lang='lat' dir='ltr'>te</span> 
     </span>
     <span class='ocr_line' id='line_1_22' title="bbox 234 2970 1711 3094; baseline 0.007 -36"><span class='ocrx_word' id='word_1_190' title='bbox 234 2970 342 3062; x_wconf 79' lang='lat' dir='ltr'>enlin</span> <span class='ocrx_word' id='word_1_191' title='bbox 362 2975 555 3066; x_wconf 83' lang='lat' dir='ltr'>muniat!</span> <span class='ocrx_word' id='word_1_192' title='bbox 587 2973 730 3081; x_wconf 73' lang='lat' dir='ltr'>lngus.</span> <span class='ocrx_word' id='word_1_193' title='bbox 746 2973 941 3090; x_wconf 81' lang='lat' dir='ltr'>Accepto</span> <span class='ocrx_word' id='word_1_194' title='bbox 959 2973 1086 3062; x_wconf 89' lang='lat' dir='ltr'>amici</span> <span class='ocrx_word' id='word_1_195' title='bbox 1100 2973 1276 3061; x_wconf 90' lang='lat' dir='ltr'>donum.</span> <span class='ocrx_word' id='word_1_196' title='bbox 1333 2977 1553 3094; x_wconf 74' lang='lat' dir='ltr'>thuofuo</span> <span class='ocrx_word' id='word_1_197' title='bbox 1568 2981 1711 3068; x_wconf 91' lang='lat' dir='ltr'>Nemo</span> 
     </span>
     <span class='ocr_line' id='line_1_23' title="bbox 198 3085 1714 3205; baseline 0.009 -33"><span class='ocrx_word' id='word_1_198' title='bbox 198 3175 203 3180; x_wconf 70' lang='grc'><strong>,</strong></span> <span class='ocrx_word' id='word_1_199' title='bbox 235 3105 283 3173; x_wconf 91' lang='lat' dir='ltr'>te</span> <span class='ocrx_word' id='word_1_200' title='bbox 301 3087 390 3198; x_wconf 85' lang='lat' dir='ltr'>jam</span> <span class='ocrx_word' id='word_1_201' title='bbox 412 3085 586 3172; x_wconf 79' lang='lat' dir='ltr'>invadet</span> <span class='ocrx_word' id='word_1_202' title='bbox 605 3087 807 3202; x_wconf 87' lang='lat' dir='ltr'>impune:</span> <span class='ocrx_word' id='word_1_203' title='bbox 841 3089 993 3177; x_wconf 77' lang='lat' dir='ltr'>invida</span> <span class='ocrx_word' id='word_1_204' title='bbox 1011 3087 1068 3174; x_wconf 88' lang='lat' dir='ltr'>est</span> <span class='ocrx_word' id='word_1_205' title='bbox 1084 3089 1231 3187; x_wconf 87' lang='lat' dir='ltr'>Ratio,</span> <span class='ocrx_word' id='word_1_206' title='bbox 1252 3119 1390 3205; x_wconf 75' lang='lat' dir='ltr'>,quam</span> <span class='ocrx_word' id='word_1_207' title='bbox 1418 3095 1714 3185; x_wconf 86' lang='lat' dir='ltr'>armatVirtus.</span> 
     </span>
     <span class='ocr_line' id='line_1_24' title="bbox 239 3195 1713 3313; baseline 0.007 -26"><span class='ocrx_word' id='word_1_208' title='bbox 239 3201 386 3310; x_wconf 69' lang='lat' dir='ltr'>Lagus.</span> <span class='ocrx_word' id='word_1_209' title='bbox 411 3195 475 3284; x_wconf 90' lang='lat' dir='ltr'>Sit</span> <span class='ocrx_word' id='word_1_210' title='bbox 496 3200 650 3313; x_wconf 87' lang='lat' dir='ltr'>igiturt</span> <span class='ocrx_word' id='word_1_211' title='bbox 681 3199 868 3289; x_wconf 86' lang='lat' dir='ltr'>Procede</span> <span class='ocrx_word' id='word_1_212' title='bbox 886 3201 1026 3301; x_wconf 85' lang='lat' dir='ltr'>fortis,</span> <span class='ocrx_word' id='word_1_213' title='bbox 1056 3205 1410 3312; x_wconf 88' lang='lat' dir='ltr'>&amp;insanientium</span> <span class='ocrx_word' id='word_1_214' title='bbox 1427 3227 1605 3295; x_wconf 81' lang='lat' dir='ltr'>conatus</span> <span class='ocrx_word' id='word_1_215' title='bbox 1622 3209 1713 3297; x_wconf 90' lang='lat' dir='ltr'>sub·</span> 
     </span>
     <span class='ocr_line' id='line_1_25' title="bbox 238 3315 1714 3426; baseline 0.007 -24"><span class='ocrx_word' id='word_1_216' title='bbox 238 3343 327 3410; x_wconf 80' lang='lat' dir='ltr'>rue.</span> <span class='ocrx_word' id='word_1_217' title='bbox 364 3315 505 3402; x_wconf 91' lang='lat' dir='ltr'>Vinco</span> <span class='ocrx_word' id='word_1_218' title='bbox 529 3329 740 3412; x_wconf 87' lang='lat' dir='ltr'>naturam,</span> <span class='ocrx_word' id='word_1_219' title='bbox 760 3317 864 3406; x_wconf 88' lang='lat' dir='ltr'>&amp;ut</span> <span class='ocrx_word' id='word_1_220' title='bbox 875 3320 960 3426; x_wconf 78' lang='lat' dir='ltr'>uim</span> <span class='ocrx_word' id='word_1_221' title='bbox 979 3318 1203 3408; x_wconf 85' lang='lat' dir='ltr'>rebellibus</span> <span class='ocrx_word' id='word_1_222' title='bbox 1218 3318 1382 3418; x_wconf 83' lang='lat' dir='ltr'>inseras,</span> <span class='ocrx_word' id='word_1_223' title='bbox 1393 3322 1625 3410; x_wconf 79' lang='lat' dir='ltr'>consentio.</span> <span class='ocrx_word' id='word_1_224' title='bbox 1658 3327 1714 3412; x_wconf 93' lang='lat' dir='ltr'>Vi</span> 
     </span>
     <span class='ocr_line' id='line_1_26' title="bbox 242 3429 1713 3630; baseline 0.003 -111"><span class='ocrx_word' id='word_1_225' title='bbox 242 3429 575 3630; x_wconf 60' lang='lat' dir='ltr'>confellantun</span> <span class='ocrx_word' id='word_1_226' title='bbox 605 3431 679 3543; x_wconf 86' lang='lat' dir='ltr'>qui</span> <span class='ocrx_word' id='word_1_227' title='bbox 695 3429 843 3546; x_wconf 91' lang='lat' dir='ltr'>sponte</span> <span class='ocrx_word' id='word_1_228' title='bbox 859 3432 1013 3520; x_wconf 86' lang='lat' dir='ltr'>subesse</span> <span class='ocrx_word' id='word_1_229' title='bbox 1028 3436 1194 3530; x_wconf 75' lang='lat' dir='ltr'>nolunt</span> <span class='ocrx_word' id='word_1_230' title='bbox 1253 3438 1514 3532; x_wconf 74' lang='lat' dir='ltr'>Morienturl</span> <span class='ocrx_word' id='word_1_231' title='bbox 1552 3439 1713 3536; x_wconf 73' lang='lat' dir='ltr'>Vertam-</span> 
     </span>
     <span class='ocr_line' id='line_1_27' title="bbox 231 3539 1712 3666; baseline 0.006 -35"><span class='ocrx_word' id='word_1_232' title='bbox 231 3543 319 3665; x_wconf 79' lang='lat' dir='ltr'>sus.</span> <span class='ocrx_word' id='word_1_233' title='bbox 355 3573 424 3632; x_wconf 89' lang='lat' dir='ltr'>mo</span> <span class='ocrx_word' id='word_1_234' title='bbox 441 3539 765 3634; x_wconf 82' lang='lat' dir='ltr'>mortificentur.</span> <span class='ocrx_word' id='word_1_235' title='bbox 825 3548 992 3648; x_wconf 89' lang='lat' dir='ltr'>Patere,</span> <span class='ocrx_word' id='word_1_236' title='bbox 1021 3549 1220 3666; x_wconf 85' lang='lat' dir='ltr'>Princeps</span> <span class='ocrx_word' id='word_1_237' title='bbox 1238 3550 1385 3645; x_wconf 86' lang='lat' dir='ltr'>!&#39;Non</span> <span class='ocrx_word' id='word_1_238' title='bbox 1416 3571 1497 3666; x_wconf 83' lang='lat' dir='ltr'>ego</span> <span class='ocrx_word' id='word_1_239' title='bbox 1516 3554 1712 3640; x_wconf 89' lang='lat' dir='ltr'>occidam</span> 
     </span>
     <span class='ocr_line' id='line_1_28' title="bbox 244 3641 1746 3780; baseline 0.005 -30"><span class='ocrx_word' id='word_1_240' title='bbox 244 3661 473 3774; x_wconf 80' lang='lat' dir='ltr'>mancipia,</span> <span class='ocrx_word' id='word_1_241' title='bbox 497 3641 568 3752; x_wconf 87' lang='lat' dir='ltr'>sed</span> <span class='ocrx_word' id='word_1_242' title='bbox 584 3665 677 3752; x_wconf 86' lang='lat' dir='ltr'>viva</span> <span class='ocrx_word' id='word_1_243' title='bbox 693 3659 889 3780; x_wconf 89' lang='lat' dir='ltr'>sepeliam</span> <span class='ocrx_word' id='word_1_244' title='bbox 916 3721 929 3764; x_wconf 93' lang='lat'>,</span> <span class='ocrx_word' id='word_1_245' title='bbox 965 3685 1016 3751; x_wconf 92' lang='lat' dir='ltr'>ut</span> <span class='ocrx_word' id='word_1_246' title='bbox 1035 3665 1181 3753; x_wconf 84' lang='lat' dir='ltr'>servire</span> <span class='ocrx_word' id='word_1_247' title='bbox 1238 3663 1384 3763; x_wconf 87' lang='lat' dir='ltr'>offint,</span> <span class='ocrx_word' id='word_1_248' title='bbox 1409 3665 1605 3754; x_wconf 84' lang='lat' dir='ltr'>rebellare</span> <span class='ocrx_word' id='word_1_249' title='bbox 1622 3695 1746 3779; x_wconf 41' lang='lat' dir='ltr'>non,</span> 
     </span>
     <span class='ocr_line' id='line_1_29' title="bbox 242 3695 1714 3979; baseline 0.008 -120"><span class='ocrx_word' id='word_1_250' title='bbox 242 3771 409 3979; x_wconf 52' lang='lat' dir='ltr'>ss⁰ffim</span> <span class='ocrx_word' id='word_1_251' title='bbox 443 3777 610 3884; x_wconf 71' lang='lat' dir='ltr'>¹logos.</span> <span class='ocrx_word' id='word_1_252' title='bbox 630 3775 777 3867; x_wconf 89' lang='lat' dir='ltr'>Placet</span> <span class='ocrx_word' id='word_1_253' title='bbox 805 3779 1020 3868; x_wconf 89' lang='lat' dir='ltr'>decretum</span> <span class='ocrx_word' id='word_1_254' title='bbox 1049 3777 1172 3878; x_wconf 80' lang='lat' dir='ltr'>forte.</span> <span class='ocrx_word' id='word_1_255' title='bbox 1197 3695 1429 3894; x_wconf 45' lang='lat' dir='ltr'>&amp;nequem</span> <span class='ocrx_word' id='word_1_256' title='bbox 1494 3783 1714 3902; x_wconf 71' lang='lat' dir='ltr'>lsirtuofits,</span> 
     </span>
     <span class='ocr_line' id='line_1_30' title="bbox 280 3886 1856 4011; baseline 0.01 -36"><span class='ocrx_word' id='word_1_257' title='bbox 280 3886 454 3985; x_wconf 85' lang='lat' dir='ltr'>tooedo.</span> <span class='ocrx_word' id='word_1_258' title='bbox 509 3891 603 3980; x_wconf 86' lang='lat' dir='ltr'>Rex</span> <span class='ocrx_word' id='word_1_259' title='bbox 619 3894 742 3988; x_wconf 81' lang='lat' dir='ltr'>vive!</span> <span class='ocrx_word' id='word_1_260' title='bbox 770 3893 828 3982; x_wconf 89' lang='lat' dir='ltr'>Et</span> <span class='ocrx_word' id='word_1_261' title='bbox 849 3896 992 3984; x_wconf 91' lang='lat' dir='ltr'>animo</span> <span class='ocrx_word' id='word_1_262' title='bbox 1014 3895 1140 3982; x_wconf 90' lang='lat' dir='ltr'>alacri</span> <span class='ocrx_word' id='word_1_263' title='bbox 1160 3895 1566 4011; x_wconf 68' lang='lat' dir='ltr'>expedavidoriam.</span> <span class='ocrx_word' id='word_1_264' title='bbox 1622 3901 1715 3989; x_wconf 83' lang='lat' dir='ltr'>Ab·</span> <span class='ocrx_word' id='word_1_265' title='bbox 1848 3947 1856 3963; x_wconf 74' lang='lat'>=</span> 
     </span>
     <span class='ocr_line' id='line_1_31' title="bbox 130 4003 1891 4130; baseline 0.006 -36"><span class='ocrx_word' id='word_1_266' title='bbox 130 4073 135 4104; x_wconf 78' lang='grc'>.</span> <span class='ocrx_word' id='word_1_267' title='bbox 242 4003 477 4098; x_wconf 77' lang='lat' dir='ltr'>fitmetnst</span> <span class='ocrx_word' id='word_1_268' title='bbox 505 4025 556 4094; x_wconf 90' lang='lat' dir='ltr'>ut</span> <span class='ocrx_word' id='word_1_269' title='bbox 578 4005 713 4124; x_wconf 81' lang='lat' dir='ltr'>defint</span> <span class='ocrx_word' id='word_1_270' title='bbox 735 4007 882 4114; x_wconf 85' lang='lat' dir='ltr'>horae,</span> <span class='ocrx_word' id='word_1_271' title='bbox 914 4035 1005 4098; x_wconf 91' lang='lat' dir='ltr'>non</span> <span class='ocrx_word' id='word_1_272' title='bbox 1037 4007 1148 4097; x_wconf 85' lang='lat' dir='ltr'>deest</span> <span class='ocrx_word' id='word_1_273' title='bbox 1170 4010 1272 4124; x_wconf 87' lang='lat' dir='ltr'>spes.</span> <span class='ocrx_word' id='word_1_274' title='bbox 1325 4011 1564 4111; x_wconf 85' lang='lat' dir='ltr'>Memento,</span> <span class='ocrx_word' id='word_1_275' title='bbox 1594 4019 1715 4130; x_wconf 86' lang='lat' dir='ltr'>quod</span> <span class='ocrx_word' id='word_1_276' title='bbox 1744 4043 1788 4124; x_wconf 59' lang='lat' dir='ltr'>sp</span> <span class='ocrx_word' id='word_1_277' title='bbox 1834 4111 1838 4116; x_wconf 64' lang='grc'><em>,</em></span> <span class='ocrx_word' id='word_1_278' title='bbox 1884 4106 1891 4122; x_wconf 70' lang='grc'><em>,</em></span> 
     </span>
     <span class='ocr_line' id='line_1_32' title="bbox 121 4117 1939 4334; baseline 0.006 -121"><span class='ocrx_word' id='word_1_279' title='bbox 121 4229 124 4236; x_wconf 19' lang='lat'><strong>¹</strong></span> <span class='ocrx_word' id='word_1_280' title='bbox 244 4121 375 4214; x_wconf 84' lang='lat' dir='ltr'>dixi:</span> <span class='ocrx_word' id='word_1_281' title='bbox 416 4117 473 4211; x_wconf 85' lang='lat' dir='ltr'>ad</span> <span class='ocrx_word' id='word_1_282' title='bbox 490 4148 647 4240; x_wconf 85' lang='lat' dir='ltr'>magna</span> <span class='ocrx_word' id='word_1_283' title='bbox 664 4121 772 4214; x_wconf 92' lang='lat' dir='ltr'>nihil</span> <span class='ocrx_word' id='word_1_284' title='bbox 791 4155 899 4246; x_wconf 81' lang='lat' dir='ltr'>opus</span> <span class='ocrx_word' id='word_1_285' title='bbox 925 4123 1119 4328; x_wconf 54' lang='lat' dir='ltr'>estsshtlbis</span> <span class='ocrx_word' id='word_1_286' title='bbox 1137 4124 1308 4228; x_wconf 81' lang='lat' dir='ltr'>virtuti,</span> <span class='ocrx_word' id='word_1_287' title='bbox 1337 4145 1602 4334; x_wconf 60' lang='grc' dir='ltr'>ωοωευωὲιι</span> <span class='ocrx_word' id='word_1_288' title='bbox 1631 4132 1713 4224; x_wconf 87' lang='lat' dir='ltr'>sus-</span> <span class='ocrx_word' id='word_1_289' title='bbox 1938 4166 1939 4179; x_wconf 49' lang='lat'>¹</span> 
     </span>
     <span class='ocr_line' id='line_1_33' title="bbox 765 4251 1725 4352; baseline 0.003 -19"><span class='ocrx_word' id='word_1_290' title='bbox 765 4305 777 4314; x_wconf 93' lang='lat'>-</span> <span class='ocrx_word' id='word_1_291' title='bbox 1126 4265 1147 4352; x_wconf 77' lang='lat'>3</span> <span class='ocrx_word' id='word_1_292' title='bbox 1377 4319 1383 4326; x_wconf 94' lang='lat'>.</span> <span class='ocrx_word' id='word_1_293' title='bbox 1582 4251 1655 4350; x_wconf 80' lang='lat' dir='ltr'>cit.</span> <span class='ocrx_word' id='word_1_294' title='bbox 1671 4258 1691 4325; x_wconf 68' lang='grc' dir='ltr'><em>ί</em></span> <span class='ocrx_word' id='word_1_295' title='bbox 1708 4276 1725 4336; x_wconf 71' lang='grc' dir='ltr'>,ς</span> 
     </span>
    </p>
   </div>
   <div class='ocr_carea' id='block_1_5' title="bbox 0 0 2031 5000">
    <p class='ocr_par' dir='ltr' id='par_1_7' title="bbox 0 0 2031 5000">
     <span class='ocr_line' id='line_1_34' title="bbox 0 0 2031 5000; baseline 0 0"><span class='ocrx_word' id='word_1_296' title='bbox 0 0 2031 5000; x_wconf 95' lang='lat' dir='ltr'> </span> 
     </span>
    </p>
   </div>
  </div>
 </body>
</html>
