4050 5000
119 345 124 360 ⁴
314 345 434 502 ¹zoa·
861 401 1311 529 *auasrnsrus
1340 350 1367 362 ’

323 620 414 682 non
435 587 751 686 erubuitmiser.
813 580 1014 680 Marinus.
1070 587 1427 708 Intelligo‚1qttid
1454 588 1567 688 selt‘s.
1654 589 1814 686 Dede·

195 704 201 714 ’
309 737 402 800 -cus
417 735 665 826 exaggerare
682 709 833 823 jubes,
865 737 956 826 quo,
971 703 1117 796 affeda
1139 705 1324 819 majestas
1347 707 1416 794 est.
1484 709 1712 801 Enimvero
1737 711 1813 802 di·

322 830 468 916 vinum
487 823 736 919 confilium.l
767 824 993 914 Amantius.
1028 822 1418 912 Demonstrabimus
1431 881 1445 923 ,
1476 848 1605 939 quam
1630 851 1810 931 execra-

229 1005 234 1012 -
303 941 616 1054 ¹bilisaudatia
648 937 720 1038 siti
749 939 982 1059 Principem
1003 935 1059 1026 fic
1083 936 1340 1026 tumultuose
1368 939 1513 1031 invadi
1537 969 1562 1031 a
1585 938 1808 1045 lirbditis,

327 1060 371 1148 &
389 1055 442 1144 ad
458 1057 669 1170 desperata
685 1052 855 1144 confilia
880 1057 1004 1171 adigi.
1057 1053 1262 1145 Morimrs.
1285 1055 1466 1157 Dicam,¹
1484 1084 1588 1149 reum
1617 1055 1807 1175 posthac
1916 1104 1918 1109 ·

216 1245 227 1256 ..
276 1235 282 1244 ,
322 1199 416 1272 non
438 1171 510 1259 nifi
535 1174 764 1288 precarium
789 1171 1089 1288 imperatorem
1119 1165 1239 1267 fore,
1269 1173 1337 1258 eui
1359 1172 1612 1287 exprobrare
1635 1173 1802 1272 subditi

323 1286 516 1404 quotidie
535 1283 709 1404 poliunt,
743 1287 861 1402 quod
883 1312 1085 1376 coronam
1111 1310 1201 1400 non
1223 1283 1304 1372 suis
1319 1289 1499 1387 meritis,
1528 1287 1804 1410 oonsangui·

145 1481 154 1496 ,
220 1433 221 1436 ‘
323 1405 395 1502 ni,
421 1429 509 1490 non
535 1405 573 1489 le
603 1402 731 1490 itimae
753 1403 981 1499 clodioni,
1013 1398 1084 1486 sed
1106 1398 1287 1512 ipsorum
1306 1399 1607 1524 'misericordiae
1624 1402 1796 1496 debeat.
1819 1469 1826 1476 ,

303 1512 556 1608 Ammius.
615 1517 747 1636 icam,
767 1545 864 1604 eum
880 1519 920 1604 se
933 1513 1158 1632 exposuisse
1173 1516 1296 1615 risui,
1313 1529 1364 1605 ac
1379 1517 1516 1608 sannis
1536 1517 1799 1625 scurrarum,

322 1637 417 1752 qui,
439 1663 537 1724 cum
550 1630 732 1720 audituri
749 1631 844 1719 sunt
867 1629 1037 1757 fadum,
1052 1629 1210 1744 absque
1231 1629 1364 1720 dubio
1382 1632 1427 1721 in
1443 1635 1658 1752 compitis,
1671 1637 1789 1728 &tri-
1917 1714 1918 1717 t

324 1748 772 1864 viisintercachinnos
789 1749 832 1838 δι
863 1745 999 1856 fibilos
1032 1746 1248 1864 gloriaturi
1267 1746 1374 1845 sint,
1403 1753 1785 1866 quantumviribre

318 1868 514 1962 valeant,
534 1865 691 1982 quippe
708 1863 950 1980 imperatori
969 1862 1068 1950 alias
1082 1873 1170 1947 'tam
1188 1857 1418 1954 formidato
1434 1865 1719 1960 formidabiles
1732 1867 1792 1962 fa·
1917 1972 1918 1979 Ν

228 2031 233 2055 ,
317 1984 389 2072 ni.
430 1983 632 2067 Marinus.
650 1975 823 2077 Dicam,
840 1976 1056 2066 infamiam
1076 1978 1410 2095 aternamfo're:
1440 1981 1621 2072 dedecus
1634 1985 1793 2074 ledum

321 2099 371 2186 iri
386 2099 432 2184 in
452 2094 657 2196 historiis,
684 2093 984 2208 exhibitumiri
1000 2093 1045 2179 in
1062 2091 1256 2195 theatris,
1279 2099 1417 2211 pueris
1435 2099 1797 2189 declamationum

319 2214 535 2302 materiam
556 2213 657 2298 fore.
690 2211 920 2298 Amantius.
934 2207 1110 2309 Dicam,
1131 2213 1282 2326 quanti
1300 2212 1452 2303 referat
1471 2214 1669 2332 Principis
1683 2213 1796 2314 ,tofi
1877 2232 1879 2235 ’

318 2329 495 2418 honoris
519 2324 714 2414 illustrem
738 2324 963 2414 vindidam
991 2353 1140 2442 capere
1166 2327 1179 2417 l
1210 2356 1341 2443 quam
1371 2331 1589 2421 insolescat
1615 2332 1795 2450 vulgus,

318 2471 450 2563 quam
483 2442 641 2535 crescat
678 2439 897 2541 audacia,
943 2438 1063 2531 srvel
1087 2440 1209 2530 semel
1230 2445 1512 2564 ‘triumphasse
1541 2446 1792 2548 'se'videatl

317 2590 475 2680 quarn,
505 2558 532 2647 fi
553 2555 658 2677 quid
678 2556 853 2676 posthac
872 2559 1150 2676 imperaturus
1171 2555 1246 2658 fit,
1273 2559 1430 2681 semper
1445 2567 1595 2681 timere
1625 2563 1795 2666 debeat,

224 2706 230 2716 ·
308 2702 375 2766 'ne
394 2676 459 2768 vel
477 2702 530 2765 ex
553 2671 813 2771 cerdonibus.
825 2674 1033 2791 quispiam
1047 2672 1233 2792 insurgat
1251 2676 1296 2763 io
1311 2679 1463 2779 scelus,
1494 2683 1541 2771 δι
1555 2681 1626 2771 nui
1644 2679 1790 2769 ssmiles
1810 2765 1815 2775 .

179 2831 184 2837 ·
318 2793 504 2884 velutin
518 2810 748 2907 tyrannum
765 2786 920 2880 educat
943 2790 989 2877 in
1008 2790 1154 2878 aciem.
1181 2860 1187 2867 .
1239 2789 1345 2881 Non
1366 2798 1452 2909 jam
1475 2796 1538 2883 lm
1560 2812 1790 2895 ¹oratorem,

146 2906 173 2965 Ἀ
316 2907 389 2999 sed
412 2907 669 3022 mancipium
688 2900 798 3005 fore,
828 2926 941 2994 certe
956 2906 1064 2992 nihil
1079 2904 1291 2995 diversum
1314 2937 1339 2998 a
1365 2909 1540 3001 scenico
1588 2940 1679 3030 ege,
1702 2913 1788 3012 cui,

151 3054 154 3063 ·
315 3022 439 3143 fipro
453 3048 551 3116 vero
571 3022 610 3110 sc
627 3016 947 3127 efferat,'vestis
962 3019 1210 3142 detrahitur.
1244 3024 1473 3116 ‘Marinus
1499 3028 1684 3130 Dicam,
1719 3054 1791 3117 ex·

301 3139 506 3260 emplum
525 3165 620 3227 eum
646 3135 798 3225 dedisse
819 3162 1040 3256 nunquam
1056 3133 1209 3239 visum,
1238 3166 1458 3259 nunquam
1473 3144 1680 3236 auditum.
1709 3142 1793 3233 Re·
1906 3172 1910 3181 ·

258 3344 264 3353 ,
305 3284 389 3376 ges
409 3276 601 3353 exteros,
627 3256 674 3345 δι
693 3252 876 3371 posteros
903 3252 1199 3371 indignaturos
1226 3268 1318 3345 non
1343 3276 1430 3349 tam
1452 3259 1673 3378 protervire
1694 3259 1790 3348 sob-

318 3371 516 3463 'edorum
541 3367 596 3458 ad
616 3388 784 3479 tanturn
814 3368 993 3467 facimus
1019 3368 1419 3505 progredientium,
1457 3379 1624 3494 quami
1684 3376 1793 3467 avie

287 3586 293 3602 ,
336 3486 605 3609 mperatoris,
634 3481 798 3576 facinus
811 3512 903 3585 non
917 3484 1000 3575 auss
1017 3511 1178 3604 punite.
1237 3489 1505 3593 Credituros‚
1526 3495 1598 3582 An
1657 3490 1793 3581 alium

316 3627 392 3697 aut
407 3624 590 3693 extreme
609 3600 843 3719 stupidum,
871 3620 947 3693 aut
966 3600 1110 3695 misere
1126 3601 1320 3693 timidum
1340 3605 1456 3723 soille
1463 3612 1564 3725 ‚qui
1575 3610 1642 3703 vel
1663 3606 1791 3699 dede-

225 3798 234 3807 .
312 3722 420 3812 coris
438 3719 797 3837 gravitatemnon
816 3717 1093 3815 intellexerit,
1121 3720 1404 3921 velpledere*
1420 3741 1586 3814 tantam
1607 3724 1788 3814 insolen-

312 3839 416 3927 tiam
433 3860 522 3923 non
535 3834 735 3953 potuerit
794 3834 1026 3928 Amantius.
1044 3834 1125 3923 llle
1149 3860 1221 3925 ver
1265 3864 1358 3951 'quo
1377 3842 1500 3932 voltu
1521 3838 1578 3931 fic
1606 3844 1786 3957 loquen-

308 3970 374 4043 tes
393 3948 611 4068 excipiet?
652 3950 858 4043 Matinus.
885 3948 1134 4067 ,Expallebir
1151 3952 1389 4042 iracundia
1442 3956 1676 4052 Amantius.
1700 3954 1787 4045 Ex·

310 4069 476 4160 ardebit
499 4062 674 4183 pudore,
731 4064 1112 4173 Marinus.Lirebit
1134 4066 1248 4157 odio.
1305 4070 1538 4162 Amantius.
1555 4074 1682 4163 Furet
1695 4074 1788 4163 via·
1917 4087 1919 4092 ’

141 4228 153 4237 -
311 4184 431 4277 dide
452 4181 665 4303 cupidine.
722 4182 932 4277 Marinus.
947 4181 1119 4278 Tremet
1142 4182 1318 4317 horrore
1337 4187 1569 4290 dedecoris
1625 4188 1787 4325 miram

1052 4356 1056 4365 “
1633 4324 1730 4405 ‘msc
