4050 5000
590 453 1362 594 rnoonrnunnunrcrntrr.
1670 413 1751 565 arr

274 669 348 736 cor
365 667 455 736 non
479 635 617 730 nosti?
650 643 734 728 Da
756 647 920 756 tempus
936 653 953 725 11
976 637 1382 758 ,Chryfirotiun-Ccffa
1398 641 1605 732 imulare!
1634 645 1745 734 nosti

274 787 370 854 nos.
428 759 497 848 Da
520 771 696 873 tempus.
729 759 921 873 Arnufiur.
943 758 1077 874 Surge
1093 767 1114 844 ‚i
1141 757 1214 848 Da
1233 767 1410 872 tempus}
1451 763 1610 848 Atrius.
1631 760 1742 848 Ster-

275 878 385 975 tini‚
416 874 520 990 quid
535 874 718 988 trepidat
740 876 869 960 homo
886 876 914 983 i,
935 875 1244 987 ineptiienim?
1273 873 1499 962 Stertinius.
1518 876 1618 962 Hei!
1648 877 1741 992 lpse

276 990 521 1108 caligabam.
579 991 763 1078 Ridicuii
784 989 1012 1077 homines?
1034 991 1132 1078 iloe'
1150 987 1272 1076 estis?
1305 981 1566 1101 chrysaorius.
1596 991 1738 1109 Evigi-

275 1108 409 1226 gilas?
439 1107 666 1194 Stertinius.
688 1107 817 1222 Surge
828 1113 847 1188 i.-
868 1106 1005 1220 Spurii
1022 1107 1121 1194 sunt
1133 1105 1198 1193 isti
1212 1106 1304 1195 Dii!
1333 1105 1506 1202 Aetius,
1533 1104 1742 1223 Chrysao-

272 1225 389 1322 rius‚
420 1221 609 1312 Amastor
629 1225 736 1311 sunt.
810 1223 1004 1304 incurius.
1024 1221 1133 1307 Hem
1155 1222 1446 1333 proterviam!
1490 1223 1634 1308 Omnes
1649 1243 1746 1316 tres.
1831 1293 1839 1300 -

275 1338 433 1426 Gratus
453 1340 509 1426 est
525 1365 649 1428 error.
717 1333 925 1434 Adeundi
953 1338 1059 1422 nos!
1086 1336 1284 1426 Innuriu's.
1312 1337 1407 1448 Jam
1425 1360 1524 1426 vero
1547 1334 1742 1436 detestor.

270 1453 398 1544 Abite
418 1453 472 1542 ad
487 1454 642 1571 stygem
661 1448 1149 1549 monstrambitetUtina'
1162 1449 1577 1565 uidiiier‘nnunquam
1593 1458 1604 1534 t
1619 1451 1742 1539 Nun·
1824 1455 1828 1468 '

269 1569 476 1684 quamvel
496 1565 895 1656 minutridediiiem!
934 1567 1266 1679 AmuliurQlas
1280 1566 1512 1684 tragoedias
1531 1567 1745 1681 loqueris?
1823 1650 1827 1661 ,

244 1687 465 1784 intrarint.
485 1684 680 1790 Quarum
701 1682 866 1770 nodum
896 1711 1024 1772 nemo
1047 1683 1114 1772 uel
1129 1683 1419 1784 ‘Deuasolvan
1483 1685 1597 1788 Prot
1625 1684 1744 1788 Qua·

269 1797 299 1886 sr
323 1825 412 1888 non
433 1795 517 1885 fine
538 1799 658 1888 vobis
688 1799 783 1912 satis
807 1797 878 1885 srm
905 1797 1024 1885 miser
1033 1839 1051 1896 ,>
1074 1801 1134 1884 ita
1157 1798 1260 1883 mihi
1286 1798 1484 1886 diabolus
1504 1795 1603 1885 istos
1620 1799 1743 1890 Deos
1921 1890 1925 1905 ,

233 2007 235 2012 ,
271 1911 475 2000 adduxit!
504 1915 575 2004 An
601 1917 645 2004 dt
661 1917 835 2030 Vigilius
853 1915 1048 2002 inimicus
1065 1913 1123 2000 est
1135 1914 1262 2014 mihi,
1293 1911 1412 2030 quod
1436 1914 1524 2004 huc
1538 1915 1652 2000 intro
1666 1915 1742 2001 ad·
1911 1908 1921 1942 ''

270 2029 424 2118 miserit
437 2057 510 2119 vos
525 2087 540 2130 ‚
555 2029 640 2120 hoc
657 2049 881 2148 tempores
903 2029 978 2118 isto
994 2029 1167 2128 habitu,
1198 2032 1309 2116 inter
1322 2030 1590 2117 haaturbas?
1615 2031 1745 2145 tiry-

258 2139 429 2260 firorius.
446 2147 558 2252 Quae
579 2147 690 2232 enim
716 2146 812 2233 sunt
834 2145 1008 2234 turbae?
1039 2143 1238 2257 Arnofius.
1265 2147 1347 2245 Hic
1365 2145 1539 2233 habitus
1564 2144 1745 2244 turbat?
1790 2165 1799 2172 ·
1883 2229 1889 2263 ·.

244 2261 429 2352 'Aaron
453 2261 661 2352 Consulto
681 2263 766 2350 hac
781 2261 952 2362 investc
970 2261 1216 2348 intravimus
1239 2258 1436 2356 domum,
1466 2289 1546 2376 ego
1559 2259 1742 2348 archite-

194 2387 206 2402 “
269 2375 394 2478 tius,
429 2373 693 2492 chrysaorius.
738 2377 834 2493 Ego
867 2375 1139 2494 Chymicus,
1179 2370 1376 2489 Amafins.
1408 2373 1502 2492 Ego
1538 2376 1742 2473 Venator.

266 2489 427 2583 Atrius.
455 2493 587 2581 Nunc
615 2496 718 2610 quia
734 2492 1010 2581 bacchanalia
1030 2492 1153 2589 sunt,
1183 2491 1415 2592 credimus,
1444 2518 1524 2599 nor
1539 2491 1656 2579 Hero
1677 2490 1739 2581 fa·
1848 2604 1851 2608 ¹

268 2610 409 2701 duros
423 2610 618 2708 delicias,
650 2609 795 2698 srcum
814 2611 882 2696 alii
897 2609 1046 2697 larvati
1063 2607 1292 2709 incedunt,
1318 2636 1398 2698 nos
1412 2608 1647 2696 veniremus
1659 2601 1746 2698 fine

267 2728 402 2828 larva,
433 2756 514 2843 ego
530 2727 714 2841 Jupiter,
736 2726 829 2823 vel,
859 2745 908 2813 ut
923 2726 1177 2811 Germanice
1187 2727 1338 2840 loquar
1345 2780 1359 2822 ‚
1388 2725 1587 2822 ambitio,
1622 2723 1743 2839 Chry·

257 2839 802 2957 [anniuerEgo‘Mammona
830 2842 917 2925 hoc
936 2838 1023 2936 est,
1049 2841 1254 2938 avaritia,
1280 2838 1479 2947 Amafinr.
1496 2816 1596 2955 Ego
1610 2842 1745 2957 Cupi·

268 2956 349 3052 do,
379 2980 506 3069 quem
522 2980 617 3038 non
632 2982 737 3069 opus
759 2953 815 3040 est
828 2955 1049 3065 explicaret
1108 2951 1262 3041 At'rins.
1282 2956 1349 3042 Ita
1367 2958 1478 3043 intra
1491 2983 1631 3043 muros
1651 2986 1744 3045 mu·

118 3166 124 3173 ,
265 3071 447 3157 tauimus
462 3066 619 3166 vester,
645 3074 692 3160 δι
711 3073 843 3157 larvas
860 3068 1105 3182 posuimus..
1150 3067 1414 3186 Chrystruriru.
1433 3070 1481 3157 Si
1492 3068 1607 3158 aliud
1625 3070 1742 3159 vide·

265 3204 365 3285 tur,
395 3182 650 3285 resumimus.
683 3186 903 3273 ¹Inturius.
925 3182 1032 3283 Ah!
1062 3181 1264 3303 Vigiliua!
1292 3185 1510 3301 Vigiliusi
1560 3187 1648 3297 Cur
1664 3214 1743 3277 voa

267 3294 465 3391 adnrifiti
497 3299 851 3417 Resumiteuestes
871 3304 959 3397 ‚·&
978 3330 1063 3417 qua
1076 3301 1280 3417 potestis,
1312 3300 1487 3417 effugite
1511 3332 1523 3386 ε
1550 3301 1674 3391 vobis
1692 3293 1741 3393 dt

265 3417 373 3507 mihi
385 3415 611 3507 consulitis.
659 3416 838 3533 Vigiliua
858 3416 1391 3535 proditorestiEgoperii!
1418 3415 1744 3529 AmnfiusQlae

264 3532 482 3647 hominem
504 3538 762 3650 intemperiae
776 3534 944 3651 agouti·
963 3532 1196 3623 Stertinius.
1213 3532 1454 3623 Reddenda
1473 3530 1534 3621 est
1545 3534 1653 3635 ratio
1668 3561 1739 3620 cx·

265 3647 379 3765 penfi
405 3654 617 3765 temporis.
677 3647 765 3736 Nifi
780 3652 915 3737 larvas
927 3648 1155 3750 resumitis',
1182 3676 1274 3739 non
1287 3650 1488 3762 evadetis.
1535 3732 1542 3746 ,
1572 3648 1738 3741 Vitium

223 3817 228 3825 -
265 3760 409 3881 prodit
427 3764 623 3853 vestitur:
653 3768 773 3856 aliter
790 3766 947 3883 regite.
997 3770 1158 3855 Atrius.
1179 3767 1404 3855 Continuo
1430 3766 1584 3875 Jovem
1600 3792 1737 3867 exuo,
1777 3868 1783 3875 ,

244 3882 310 3969 ·&·
325 3877 575 3966 architedus
590 3882 788 3984 incedo,·
804 3876 1064 3999 chrysaorius.
1086 3882 1145 3969 Et
1160 3912 1241 4000 ego
1263 3881 1509 3997 counitur,
1531 3878 1735 3995 Amafiwq

195 4013 198 4019 ’
262 3996 358 4112 Ego
378 4014 567 4083 venator.
589 3994 992 4089 neuun‘sedheusr
1019 3997 1265 4114 Priusquam
1285 3996 1639 4109 Jovemtdrpono
1660 4024 1734 4086 oc·

264 4114 392 4201 currit
409 4108 626 4198 confilium
647 4113 732 4203 hoc
746 4116 917 4202 cerebro
937 4112 1140 4229 dignum':
1162 4112 1313 4203 firario
1332 4112 1550 4211 reddenda
1562 4108 1620 4198 est
1634 4112 1734 4213 tibi,

212 4312 220 4323 .
265 4226 656 4322 eur-tenduntnr
673 4256 766 4335 non
786 4232 952 4437 cogitfi
964 4232 981 4301 ἒ
1009 4229 1132 4330 Solus
1155 4236 1382 4353 nonpotes
1395 4254 1618 4359 mergere.
1644 4202 1734 4346 ,iniq
1782 4274 1793 4281 ·

323 4374 332 4391 ·
393 4389 412 4413 ··
805 4402 811 4409 -
966 4370 1010 4439 m
1024 4370 1130 4441 mz
1526 4368 1706 4434 eunus„
