4050 5000
611 452 1383 576 ruo'ousruryuorcrruru
1663 487 1736 600 ⁴⁶!

269 661 392 754 Usus.
433 655 639 774 Νεμείης.
656 657 891 758 Obscuros
934 659 995 746 uis
1011 677 1054 746 te
1068 659 1185 749 casus
1201 657 1369 748 abstulit
1382 656 1531 761 nobis,
1560 657 1733 779 &igno-

318 777 460 866 ntibus
478 775 805 902 ⁸sycophantam
831 685 1066 861 subdituitt
1096 773 1286 886 Magister
1310 772 1426 885 Usus.
1457 775 1562 864 Non
1586 779 1734 880 Casus,

265 888 693 982 'edscelusabstulit‘
736 925 742 932 ·
773 883 951 978 Dudum
974 889 1148 979 ambivit
1178 887 1459 1003 Magisterium
1481 921 1619 980 meum
1648 891 1735 980 Au

253 1007 394 1108 uuis,
427 1007 545 1126 quod
566 1007 737 1097 videbat
759 1010 840 1094 toti
863 1005 956 1094 orbi
979 1005 1216 1096 venerabile
1238 1001 1327 1124 effe.
1414 1004 1536 1109 Qud
1559 1006 1741 1109 multa?

269 1124 475 1212 Concitet
503 1120 718 1212 adversum
751 1123 821 1210 “me
850 1127 1032 1206 turmam
1069 1120 1395 1236 cupiditatum:
1461 1125 1737 1236 conjuratur:

268 1237 482 1350 struuntur
495 1235 651 1334 infidia
660 1268 690 1336 ε,
701 1236 856 1321 obruor
874 1236 918 1318 in
942 1234 1204 1332 bibliotheca
1219 1291 1250 1342 ,‚
1265 1235 1340 1337 ubi
1366 1234 1637 1352 antiquorum
1659 1239 1735 1330 Pa·
1829 1320 1835 1330 ,

270 1373 382 1440 trum
402 1355 447 1446 δὲ
464 1338 708 1441 ὓοᾶοτιιω’
721 1349 944 1437 sententias
967 1353 1044 1464 pro
1068 1345 1274 1437 firmanda
1292 1405 1306 1449 ,
1337 1338 1464 1466 quam'
1488 1343 1733 1462 tradebam,
1900 1362 1906 1370 ‘

269 1467 483 1567 dofltina,
514 1465 696 1554 solebam
718 1490 966 1582 excerpere:
1002 1464 1183 1564 obruor,
1213 1465 1412 1580 inquam,
1441 1465 1486 1552 in
1508 1463 1736 1556 bibliothe·
1797 1529 1803 1542 ·

270 1611 343 1683 co,
372 1587 416 1674 &
438 1582 511 1668 sub
531 1572 750 1697 ipsrsiibris
774 1580 984 1696 sepultus,
1014 1581 1227 1695 relinquor
1248 1601 1323 1694 pro
1345 1599 1529 1674 mortuo.
1586 1577 1739 1697 Discre-

276 1702 370 1784 riur.
393 1697 486 1812 Ego
505 1699 550 1786 in
580 1695 727 1796 reims,
758 1723 854 1792 cum
875 1694 979 1787 mihi
999 1721 1136 1786 novus
1155 1695 1316 1812 Dodot
1334 1700 1378 1782 in
1394 1696 1531 1812 primo
1547 1693 1741 1814 alloquio

270 1808 520 1930 suspeduse
551 1832 617 1912 et,
647 1813 789 1930 &ego
812 1809 1042 1902 cooitarern
1064 1838 1232 1926 mecum
1260 1839 1271 1896 t
1317 1835 1407 1896 trun
1440 1837 1536 1899 uam
1552 1807 1607 1899 iic
1623 1813 1741 1902 locu·

272 1945 342 2014 tus
356 1921 418 2054 '5st
426 1925 557 2014 Usus:
589 1928 693 2044 quid
708 1927 768 2045 fi,¹
787 1949 840 2016 ut
857 1885 905 2014 iit
926 1931 971 2014 in
994 1925 1308 2026 bacchanoiis,
1333 1839 1606 2015 isteiarvatus
1625 1928 1741 2017 ince-

271 2037 372 2142 dat,
399 2033 586 2134 &Usum
603 2043 1065 2164 mentiaturrdccipio
1093 2067 1246 2162 corpus
1261 2045 1387 2158 jurist
1415 2041 1596 2156 inquiro,
1614 2069 1744 2159 quan·

270 2173 317 2245 ta
340 2157 564 2248 auddrita's
577 2157 803 2248 tribuenda
818 2153 1001 2246 fit'Usui:
1033 2155 1090 2244 ari
1105 2157 1221 2244 bona
1235 2155 1284 2244 fit'
1298 2156 1392 2244 haec
1409 2162 1740 2274 argumentatio:

219 2325 226 2336 .
270 2268 326 2362 fic
345 2265 471 2361 mori's
491 2273 547 2362 est
556 2291 589 2374 ,‘
600 2302 699 2388 ergo
717 2267 937 2360 honestum
956 2271 1035 2358 est:
1066 2272 1235 2365 invenio
1270 2270 1457 2387 capitulo
1484 2326 1498 2370 ‚
1527 2267 1742 2384 srconsue·

269 2379 482 2488 tudinem,
500 2387 947 2486 diffinerroneooava,
974 2385 1227 2475 haecverba:
1259 2383 1739 2502 quaeiibetcoosuetudo

268 2506 539 2619 quantumvis
558 2504 745 2602 vetusta,
776 2504 1047 2619 quantumvis
1069 2499 1273 2617 vulgata,
1301 2495 1468 2592 veritati
1489 2504 1663 2617 omnino
1680 2504 1739 2594 est

266 2618 583 2823 roro
615 2620 786 2823 rur:
801 2676 866 2820 r
890 2616 1740 2825 r

267 2798 347 2935 stri
361 2904 384 2943 ‚-
405 2764 670 2963 qdinraiidng
682 2766 908 2936 vincuntur
929 2762 1321 2945 ,'con}uetudinem
1342 2762 1475 2935 irobigr
1500 2796 1740 2964 objiciunt,

268 2958 383 3074 quafi
400 2960 663 3047 consuetudo
687 2964 830 3074 major·
848 2956 896 3044 fit
917 2961 1104 3047 veritate.
1177 2960 1244 3046 Ita
1263 2959 1435 3079 disputo
1458 2990 1651 3063 mecum,
1681 2992 1740 3057 arr

264 3088 365 3189 que
381 3097 435 3159 ex
456 3074 602 3162 Abusu
626 3075 838 3166 audieram
861 3130 876 3172 ,
915 3072 994 3163 iint
1018 3074 1207 3176 rationi,
1229 3071 1310 3163 srnt
1337 3079 1501 3166 veritati
1522 3098 1742 3197 congruat

269 3212 370 3278 cum
391 3186 521 3275 audio
553 3190 774 3305 gemitum·
787 3218 841 3295 err
856 3190 1045 3307 angulo,
1075 3190 1120 3276 in
1143 3216 1230 3303 quo
1250 3218 1423 3281 acervus
1438 3192 1609 3305 jacebat
1625 3194 1743 3285 codi-

268 3330 368 3393 cum
389 3302 654 3398 vetustorum.
720 3303 839 3415 Usus.
865 3306 1094 3393 Audieram
1117 3304 1313 3393 Discretii
1336 3334 1517 3407 vocem,
1543 3310 1588 3399 δι
1614 3337 1743 3427 opem

266 3418 487 3535 rogabam.
518 3418 744 3534 Discretiur.
759 3421 944 3537 Accedo,
962 3420 1195 3516 &extraho
1217 3421 1497 3520 semi-vivum,
1512 3425 1744 3544 &pulveri

268 3531 349 3622 bus
370 3532 561 3624 obfitum.
572 3538 677 3625 Mox
687 3556 918 3623 recreatum
932 3536 1151 3656 fomentis,
1166 3539 1211 3626 δι
1226 3536 1343 3627 bona
1359 3537 1441 3655 spe,
1447 3538 1578 3655 jubeo
1593 3539 1649 3627 ad
1661 3540 1740 3631 Su·

268 3646 436 3765 spirium
464 3653 537 3740 ire.
624 3652 855 3757 Questurus
886 3654 940 3739 de
965 3653 1117 3765 injuria
1137 3650 1263 3739 adest.
1328 3654 1442 3771 [ᾔεις.
1464 3652 1546 3741 Sed
1560 3658 1677 3768 jam,
1711 3655 1744 3747 fi

264 3758 374 3851 bene
391 3763 532 3856 audivi
544 3786 618 3867 te,
642 3769 786 3856 locum
806 3768 980 3854 aemuius
997 3786 1136 3855 tenet:
1164 3763 1311 3856 frustra
1324 3794 1485 3883 querat.
1526 3770 1745 3881 Negotium·

156 3971 158 3981 ,
206 3916 208 3921 ·
267 3874 439 3967 Miseret
453 3908 520 3966 me
540 3883 776 3972 miserrime
793 3880 924 3972 sortis.
984 3879 1154 3968 Suadeo
1168 3901 1336 3981 tamen,
1360 3902 1410 3971 ut
1428 3881 1536 3978 ustas
1549 3901 1593 3973 te
1607 3884 1744 4003 Suspi.

267 3994 354 4093 rio,
383 4019 484 4083 nam
507 4021 586 4099 nec
602 3997 894 4085 Conscientius
916 3994 1565 4098 deserendusestoobis‚neciiie
1586 3998 1644 4089 est
1667 4004 1742 4101 vir,
1927 4030 1932 4036 ·

303 4112 346 4197 ui
366 4111 575 4243 patienter
598 4107 703 4197 ferat
731 4114 893 4199 illusum
919 4113 990 4201 fibi
1014 4110 1271 4227 apersonato
1289 4116 1507 4229 Mangoot
1525 4109 1614 4211 effe.
1673 4116 1744 4206 Di·

184 4340 187 4347 ,
259 4136 457 4350 perettus:
471 4224 722 4329 Teutemus,
745 4236 833 4341 'qua
853 4228 919 4316 via
940 4226 1120 4341 aecessus
1144 4244 1301 4342 pateat.
1338 4230 1455 4349 [hirs.
1485 4228 1744 4327 Discretium

273 4340 453 4459 sequor..
797 4406 802 4423 .
1046 4338 1167 4433 Non
1198 4368 1221 4457 3
1567 4348 1623 4437 M
1629 4348 1685 4440 U·
