4050 5000
225 425 229 432 '
308 401 385 540 224
783 497 797 512 .
834 380 1282 510 Annsrnsrur.

311 621 464 718 timor,
501 635 657 705 tremor
674 611 863 714 'mentem
889 587 1102 730 flagellnnt
1125 609 1346 726 undique.-
1380 608 1570 728 undique
1596 617 1797 703 occurrit

168 805 173 812 .
285 736 512 824 ·sceletum
533 735 673 848 imago
694 751 840 828 torva,
874 729 1132 818 &animum
1163 726 1335 816 laniat}
1375 731 1621 818 memoriam
1653 719 1794 819 'ferale

311 849 543 948 somnium,
573 849 721 936 oculos
739 843 887 959 umbra
908 841 1084 931 infelicis
1109 841 1352 943 Timothei,
1382 869 1501 935 autes
1517 840 1681 933 cruciat
1694 843 1793 934 san·

313 955 411 1086 guis*
422 967 607 1062 civium,
637 968 760 1075 cujus
787 956 957 1046 clamori
987 957 1212 1074 respondet
1233 961 1406 1047 exitium
1429 963 1631 1050 intonans
1648 959 1793 1050 Deus.

165 1073 169 1081 ’
226 1147 229 1158 .
271 1153 277 1163 ,
313 1083 415 1186 Qia
431 1079 613 1170 condam
635 1095 765 1194 caput
786 1074 980 1162 latebra?
1013 1075 1098 1162 Ubi
1118 1078 1283 1162 securus
1304 1071 1452 1166 furoris
1470 1073 1637 1162 traham
1653 1075 1795 1164 elum-

310 1196 409 1288 bem
432 1196 647 1311 spiritum-i
681 1191 914 1280 Oeniandns.
944 1191 1136 1276 Erratum
1154 1190 1238 1289 est,
1264 1192 1476 1325 Augulle!
1498 1191 1569 1277 Tu
1588 1218 1675 1305 qua
1688 1219 1792 1282 eva·

223 1401 224 1406 r
268 1409 272 1414 ,
312 1313 397 1421 das,
416 1338 620 1428 poenam,
649 1336 693 1397 es
716 1308 887 1401 anxius,
916 1305 959 1394 δε
981 1303 1035 1403 de
1052 1307 1177 1424 culpa
1197 1332 1288 1393 non
1309 1329 1484 1424 cogitas.
1543 1305 1648 1392 Non
1675 1335 1790 1424 quo·

315 1427 447 1518 modo
470 1421 677 1536 effugere,
723 1419 793 1540 sed
828 1417 1046 1533 quomodo
1067 1421 1232 1538 placare
1260 1421 1381 1537 pollis
1401 1425 1563 1510 iratum
1586 1419 1791 1525 Numen,
1906 1440 1907 1449 ‘

313 1539 492 1660 expendi
512 1538 650 1628 debet.
677 1533 955 1656 *Analinfinn
981 1535 1027 1622 O
1041 1542 1202 1624 aurium
1214 1538 1478 1626 tormentum
1495 1542 1643 1659 grave!
1666 1604 1677 1627 .
1708 1539 1789 1629 Rc»

316 1657 495 1754 cordor,
520 1651 775 1751 Oeniande,
804 1652 1001 1738 recordor
1025 1678 1176 1753 nunc,
1206 1681 1300 1768 quae
1321 1656 1431 1741 mala
1447 1654 1618 1742 fecerim
1639 1655 1685 1742 in
1707 1657 1786 1744 Ec·

187 1807 217 1847 w
313 1773 457 1864 clesiat
486 1769 646 1885 Justum
673 1767 755 1866 est,
786 1764 968 1882 agnosco
986 1794 1142 1865 nunc,
1170 1767 1324 1880 justum
1345 1770 1432 1870 eli,
1461 1767 1679 1858 subditum
1705 1771 1785 1860 effe

157 1965 160 1988 ,
313 1891 442 1988 Deo,
474 1883 622 1976 &Dei
648 1885 816 1972 Vicario
849 1938 864 1979 ,
903 1883 946 1972 δι
978 1883 1200 1970 mortalem
1226 1909 1316 1970 non
1350 1890 1466 2002 paria
1494 1885 1595 1973 Deo
1622 1887 1784 1976 sentire.

126 2053 130 2061 ·
300 2001 541 2118 Quidquid
563 2002 747 2114 ‘imperas
761 2057 774 2099 ,
802 1995 968 2092 faciam.
1031 1999 1632 2090 Oeniandus.1.unatoDeum
1650 2002 1783 2094 adora
1848 2083 1851 2090 .
1901 2024 1903 2029 ·

347 2135 463 2211 enu!
494 2113 729 2230 Anasisfius.
757 2111 935 2220 Adoro,
962 2114 1007 2205 &
1026 2115 1164 2229 pedus
1187 2117 1423 2204 contritum
1440 2119 1607 2233 plango.
1645 2116 1783 2202 Aufer

316 2152 499 2350 ffustinm
527 2233 613 2322 hoc
629 2231 777 2344 capitis
801 2229 958 2328 decue!
990 2229 1113 2316 Tolle
1135 2234 1393 2347 purpuram!
1423 2235 1541 2322 Alius
1562 2231 1683 2320 decet
1705 2228 1779 2318 ha·
1869 2335 1874 2349 Ι

315 2351 430 2440 bitus
452 2376 583 2462 reum.
636 2347 754 2450 Quae
777 2364 825 2432 tu
847 2344 977 2432 tulisti
995 2345 1197 2443 vincula,
1226 2369 1309 2463 ego
1331 2352 1463 2436 merui
1493 2365 1507 2438 t
1550 2351 1782 2436 Oeniandos.

317 2467 388 2557 Sic
410 2464 570 2583 places,
597 2461 815 2577 Princeps!
846 2458 1080 2575 Anastsfins.
1096 2461 1213 2551 Cella
1225 2460 1448 2579 superbum
1459 2466 1637 2555 nomen!
1664 2464 1784 2552 Man·
1812 2520 1817 2531 «

317 2584 476 2703 cipium
497 2606 619 2669 voca.
679 2576 800 2683 Quid
816 2574 959 2666 adhuc
977 2577 1154 2693 imperas
1175 2578 1199 2665 ἒ
1231 2580 1464 2678 Oeniandos.
1490 2580 1686 2669 Retradia
1703 2581 1782 2669 len

195 2748 217 2791 ·.
282 2796 283 2805 Ν
317 2700 426 2795 ierat
456 2692 550 2783 Ana
582 2690 693 2808 rfins.
725 2692 946 2791 Detestor,
977 2708 1171 2782 execror!
1200 2691 1508 2786 Parcefatenti
1533 2696 1680 2786 Densi
1710 2698 1778 2795 οι.

318 2816 500 2909 erlandus.
576 2840 598 2897 e
629 2834 769 2896 necare
789 2804 990 2921 prostrata
1016 2804 1156 2909 facie,
1187 2814 1232 2904 ἃ
1253 2813 1299 2917 in
1320 2810 1482 2930 flagella
1506 2808 1783 2929 paratum‘of·
1812 2819 1818 2832 ¹

318 2932 402 3024 lert
431 2838 667 3043 Anuflaffm.
682 2920 1052 3039 ¹Flensdeprecnrl
1080 2924 1201 3011 Heu!
1227 2926 1376 3033 Qrarn
1394 2932 1525 3019 vitam
1552 2932 1670 3018 vixi!
1698 2930 1787 3016 Me·

320 3048 413 3148 ini,
441 3044 586 3141 Deus,
615 3039 777 3161 merui,
804 3038 1012 3154 quidquid
1043 3039 1340 3155 suppliciorum
1373 3065 1454 3132 aut·
1471 3046 1681 3144 mundus,
1710 3062 1788 3133 aut

247 3153 279 3185 ’“
321 3190 447 3255 orcus
466 3158 614 3247 habet!
644 3150 729 3243 Sed
745 3178 868 3269 parce
883 3153 1047 3243 dolenti
1058 3154 1113 3242 de
1127 3156 1369 3259 commilita,
1399 3162 1579 3254 &tuam
1586 3158 1789 3276 justitiam

320 3276 547 3372 trementi:
573 3266 923 3370 misericordiam,
943 3272 1275 3361 milcricordiam
1301 3274 1541 3392 suppliciter
1566 3278 1791 3367 exoranti!

323 3392 558 3486 Oeniandos.
584 3383 763 3474 Meliora
787 3388 1000 3500 promitte.
1041 3386 1285 3510 flnaflnfins.
1318 3389 1457 3488 Hodie
1470 3422 1537 3481 rne
1561 3389 1698 3511 “regno
1714 3390 1793 3481 ab·

320 3506 420 3604 dic'o
437 3509 595 3623 ‚eiuro
617 3495 885 3619 Eutychen,
916 3502 1081 3621 Papam.
1101 3529 1320 3607 revereor„
1354 3505 1450 3597 satis
1479 3508 1633 3599 faciam
1659 3506 1795 3609 laefis,

257 3638 259 3645 ’
320 3624 517 3721 scandala
541 3618 745 3734 corrigam
760 3672 784 3748 3·
802 3616 983 3733 reliquos
1006 3621 1105 3707 vitae
1125 3614 1211 3709 dies
1222 3626 1480 3790 privatus&
1499 3628 1723 3747 poenitens
1739 3626 1793 3715 in

322 3738 608 3839 orationibus,
638 3735 829 3863 jejunus,
851 3735 1059 3851 &vigiliis
1078 3762 1216 3853 agam.
1247 3738 1271 3781 ⁵

320 3980 326 3991 .
417 3904 593 3989 eroum
672 3894 1029 3987 *erumnam
1084 3877 1133 3919 ·’
