4050 5000
646 348 659 361 ⁸
771 346 1181 487 inoluminum
1412 458 1421 477 .
1488 348 1494 358 ’
1569 461 1574 467 .
1635 409 1766 501 «4,,

563 662 918 777 scama
994 575 1437 776 Tauria(

193 942 199 951 .
326 966 337 983 ,
364 887 551 1007 persona.
598 888 836 1007 Papinianus
854 880 1256 1113 &affirmarim
1287 860 1579 982 Maronianus.

251 1256 688 1439 &rorallnABripite
703 1282 754 1345 ex
768 1250 900 1384 oculis
916 1245 1122 1348 monstra!
1150 1208 1408 1347 reducantur
1423 1254 1468 1345 in
1489 1260 1712 1349 carcerem-²

560 1372 802 1463 Moriemim
813 1386 948 1455 morte
960 1388 974 1465 ,·
988 1394 1085 1482 quar
1094 1371 1279 1462 sentiatis
1301 1398 1376 1461 voa
1393 1371 1521 1459 mori!
1560 1370 1713 1459 deliba·

189 1534 192 1541 ·
240 1488 406 1591 labo..
463 1486 599 1587 Tuam
625 1502 704 1598 e'go
735 1480 862 1569 fidem
882 1481 1079 1593 suspicio,
1107 1485 1352 1574 &amorem
1370 1484 1548 1599 justitie.
1634 1485 1710 1573 Fa·

211 1638 220 1647 ·
245 1608 377 1703 ciam,
405 1622 454 1691 ut
476 1600 528 1687 de
545 1602 627 1687 tuis
645 1594 839 1683 laudibus
858 1594 973 1703 nulla
989 1620 1179 1710 unquam
1209 1596 1421 1709 posteritas
1442 1597 1711 1687 conticescam

242 1716 390 1805 Unum
407 1716 557 1827 exigo,
587 1732 636 1799 ut
659 1703 763 1798 sicut
783 1735 928 1823 aquus
952 1708 1178 1819 capuam,
1206 1708 1331 1799 itafis
1354 1709 1538 1797 Minister
1556 1705 1712 1826 fidelis,

243 1858 320 1947 pro
338 1831 400 1915 tui
418 1829 597 1935 Domini
617 1826 780 1911 honore
794 1826 840 1913 δι
856 1818 984 1909 salute
1003 1824 1214 1913 sollicitus.
1302 1824 1424 1911 Getae
1443 1842 1618 1911 mortem
1636 1851 1711 1939 po-

240 1944 343 2060 pulo
367 1940 523 2058 proba!
555 1938 673 2027 Num
709 1938 879 2025 obedies
909 1935 1132 2025 tandem?
1170 1938 1406 2051 Quousque
1424 1957 1512 2025 teo
1543 1934 1712 2053 pones?

242 2059 354 2145 Cum
373 2076 422 2143 tu
438 2054 688 2173 probaveris,
698 2052 941 2168 probabunt
962 2078 1119 2139 omnes.
1134 2051 1479 2139 AmastiGetam:
1508 1967 1580 2139 {lc
1594 2072 1714 2137 amor

244 2169 392 2258 obstan
479 2170 678 2257 Amorem
705 2167 849 2253 vincat
879 2190 1025 2261 amor,
1053 2192 1180 2279 quem
1206 2173 1293 2279 jam
1329 2166 1403 2253 soli
1435 2167 1541 2251 mihi
1571 2184 1713 2251 totum

237 2282 379 2372 debes.
434 2282 568 2369 Exem
599 2280 686 2366 lum
713 2278 910 2364 foemina
926 2278 1158 2390 imitari'ne
1178 2279 1349 2393 pudeat.
1436 2273 1709 2368 Luxitfilium

239 2396 378 2511 Juliar
407 2395 548 2512 lugere
566 2310 704 2489 genie,
733 2419 829 2480 cum
846 2392 1055 2506 imperavi.
1109 2472 1112 2479 .
1142 2390 1264 2498 Quid
1279 2388 1407 2481 files?
1433 2394 1618 2481 Mortem
1639 2391 1707 2479 vel

239 2533 283 2599 te
304 2509 450 2624 judice
464 2511 634 2597 meritus
655 2507 711 2594 est
726 2501 834 2603 lilius
858 2522 983 2593 tuus:
1020 2509 1157 2595 meriti
1185 2506 1708 2607 amicitui:.1ibenatem‚
1856 2575 1863 2597 .

226 2627 374 2738 uitam·
388 2669 413 2723 ,1
434 2622 619 2712 honores
676 2619 837 2708 ristinoa
860 2621 905 2710 δι
922 2623 1099 2736 majores
1121 2621 1340 2711 debebunt
1362 2621 1466 2720 ribi,
1494 2619 1521 2709 fi
1543 2619 1710 2710 obedie-

238 2741 305 2828 ris.
338 2738 513 2828 ‘Sinon
543 2737 624 2824 obe
657 2738 716 2832 is,
746 2733 873 2834 vide,
899 2761 985 2848 quo
1005 2763 1072 2832 me
1091 2735 1247 2849 adigas.
1330 2737 1550 2824 Venenum
1572 2737 1708 2852 &pu-

239 2853 309 2968 gio
328 2854 380 2940 'in
408 2869 606 2968 promptu
635 2849 762 2940 sunt:
809 2851 1055 2937 alterutrum
1089 2851 1248 2965 eliges..
1271 2849 1281 2858 ”
1317 2852 1553 2963 Papinianus
1563 2848 1710 2966 senior.

239 2965 385 3066 Quam
407 2983 599 3078 prompte
623 2963 911 3060 obediverim,
962 2961 1139 3061 Caesar,¹
1155 2965 1340 3080 quoties,
1356 2963 1707 3080 quodhonestom
1836 3027 1840 3032 -
1931 2925 1934 2932 ⁴

135 3113 140 3120 ·
238 3077 313 3176 est,
340 3076 566 3192 imperasti,
596 3078 787 3195 exempla
808 3077 950 3175 habes.
1010 3075 1175 3166 Patrem
1195 3077 1322 3178 exui,
1351 3099 1398 3168 ut
1423 3076 1705 3167 subdituselle

126 3283 130 3290 ,
234 3190 418 3392 Bonam:
450 3190 553 3305 quid
578 3193 753 3390 amplius
769 3194 913 3310 ‚exigas
930 3191 1116 3314 imoque
1138 3189 1354 3291 defidero,
1380 3213 1429 3280 ut
1451 3192 1638 3282 absolvas
1661 3190 1707 3278 fi·

254 3307 359 3404 um,
390 3331 517 3422 quem
532 3330 612 3420 ego
667 3311 843 3396 amoavi.
903 3307 1113 3394 Moriatur
1138 3301 1320 3402 infelix!
1349 3306 1462 3396 Illius
1492 3337 1569 3424 ego
1598 3331 1706 3392 mor·
1837 3387 1845 3398 ,

126 3525 135 3536 .
234 3433 396 3506 temne
421 3419 579 3536 gemitu
603 3416 774 3534 quidem
796 3417 1016 3534 dignabor.
1090 3419 1133 3510 Si
1147 3413 1252 3508 mori
1269 3450 1335 3509 me
1355 3449 1454 3510 cum
1469 3421 1555 3536 ipso
1565 3419 1704 3535 jubes,

235 3530 334 3620 felix
356 3531 473 3628 sum!
510 3533 663 3649 Neque
685 3533 797 3620 enim
818 3533 1004 3620 miseram
1026 3555 1203 3622 mortem
1229 3535 1377 3637 aliud,
1406 3564 1533 3650 quam
1558 3534 1703 3621 misera

233 3646 356 3735 causa
378 3645 493 3756 fauit„
552 3649 705 3740 Amavi
727 3645 882 3736 Getam
905 3678 916 3734 ε
949 3651 1068 3766 quod
1081 3639 1232 3760 ,tamen
1252 3675 1341 3736 non
1354 3651 1533 3782 probem
1548 3673 1700 3770 necem

235 3761 383 3860 Getae,
411 3785 528 3849 amor
545 3759 666 3852 Getae
695 3759 932 3858 non'facitr
963 3792 1081 3855 amor
1102 3765 1269 3880 justitia
1280 3761 1397 3858 facit.
1455 3760 1705 3876 Exemplum

222 3871 355 3986 puna
383 3895 549 3962 movere
579 3879 857 3992 Papinianum
889 3901 978 3966 non
1003 3879 1150 3996 potest.
1212 3880 1325 3966 'Cur
1354 3875 1511 3964 cellarit
1535 3877 1721 3994 lugere,·

231 3985 355 4078 facile
370 3987 567 4078 divinavi.
654 3991 779 4085 Heu!
808 4019 903 4106 quae
925 4018 1016 4082 oon
1041 3993 1252 4082 dedecora
1277 4019 1407 4108 cogar
1432 3989 1635 4110 probare,
1664 3985 1697 4076 li

296 4101 556 4234 ilratgl’olit.
572 4101 897 4216 R.P.Neumryr.
977 4131 980 4134 ·
1128 4107 1166 4195 Y
1256 4205 1266 4214 ,
1573 4129 1645 4190 ne·
