4050 5000
344 460 419 547 m
528 400 982 539 ,saporantur
1019 387 1613 531 c‘oucurrscarrrrnr

344 628 445 724 mul.
508 626 744 743 ¹Proruulga
788 626 998 745 gratiamr‘
1032 654 1110 713 nec
1148 621 1231 710 sme
1272 648 1371 725 ,ut
1395 626 1647 740 Prudentius
1665 633 1809 735 srustrs

206 836 221 847 ,
342 741 588 833 Caduceum
634 760 790 831 teneat
879 746 1018 853 Lagus.
1047 734 1181 841 Quod
1213 740 1436 852 postulas,
1473 746 1599 835 habe.
1686 752 1803 843 Pono

341 862 558 969 culparum
584 852 876 949 memoriam:
926 854 1060 943 adsnt
1081 853 1240 963 absque
1270 874 1418 950 metu„
1498 855 1712 981 Vrrruosus,
1733 870 1808 957 Mi.

314 1012 331 1027 .
370 988 456 1057 rate
477 965 647 1056 funestae
674 973 858 1057 tenebrae
893 968 1142 1077 sserenum
1170 964 1315 1054 vitiosi
1345 973 1577 1087 applaudat
1616 982 1809 1082 eoelum!
1849 1060 1852 1067 .

340 1002 513 1173 iteduee
541 1083 680 1179 diem,
712 1087 756 1175 &
785 1086 828 1169 in
853 1080 1071 1196 sepulchro
1103 1079 1250 1165 solium
1276 1076 1395 1190 firma
1417 1084 1613 1203 Principi.
1671 1096 1810 1190 Inhoc

339 1197 620 1290 fundamento
641 1214 885 1311 perpetuum
908 1196 1043 1287 stabit.
1106 1194 1298 1283 (ibrum
1321 1196 1521 1299 Fidelem,
1536 1205 1581 1291 O
1595 1206 1715 1312 Rex,
1744 1213 1812 1301 ha.

337 1312 457 1402 bebis
490 1310 666 1428 posthae'
691 1309 1027 1399 Chronumtibi.
1086 1305 1227 1420 ugus.
1241 1307 1311 1401 Sic
1324 1311 1572 1428 sperorhoc
1597 1347 1727 1426 cave,
1752 1357 1808 1415 ne

339 1425 455 1517 aliud
481 1429 655 1541 imperes
679 1424 828 1525 Horis,
880 1451 1006 1543 quarn
1029 1452 1109 1540 ego
1141 1426 1287 1521 velim:
1354 1426 1515 1531 Quales
1554 1430 1807 1531 Prudentius

340 1544 504 1660 pinxit,
536 1542 657 1636 tales,
689 1546 739 1628 ut
756 1566 881 1655 porro
900 1537 1106 1637 serviant,
1128 1542 1241 1631 volo.
1292 1540 1444 1629 Laruas
1465 1547 1687 1636 mortusles
1700 1578 1806 1665 prae·

342 1656 561 1769 feserunt,
606 1655 704 1769 quia
735 1655 892 1740 nullam
921 1653 997 1739 esse
1020 1654 1170 1741 horam
1200 1656 1430 1753 convenit,
1490 1683 1586 1771 quae
1605 1686 1695 1749 non
1731 1666 1807 1753 ser·
1828 1708 1863 1743 ‹-

338 1774 429 1862 viat
471 1771 628 1859 ultimae
656 1766 781 1859 ,horae
815 1826 863 1869 ,‚
886 1767 953 1855 seu
990 1796 1135 1882 quarn⁸
1165 1771 1324 1855 nollem
1358 1770 1435 1857 esse
1470 1768 1621 1859 horam
1651 1780 1813 1864 mortis.
1852 1784 1859 1803 ¹

119 1920 125 1929 ·
161 1899 166 1908 '
338 1888 595 1974 Prudentius.
612 1881 801 1981 Adsunt,
832 1882 1067 1998 opereris,
1102 1884 1327 1980 servitui,
1363 1887 1451 1997 jarn
1482 1886 1656 1975 tandem
1679 1886 1812 1983 futuri

341 2000 496 2089 fideles.
529 2000 672 2108 Lagus.
703 1995 880 2085 Adeste:
912 2022 1094 2115 pronum
1110 1995 1165 2081 ad
1186 2017 1287 2085 vota
1307 1996 1473 2085 habetis
1492 1998 1673 2117 Logum.
1718 2002 1812 2097 Cor.

187 2216 206 2221 Η
335 2136 424 2230 prrs.
464 2114 581 2201 Rex!
612 2108 999 2226 Nifinosprohibet
1026 2109 1134 2196 triste
1155 2112 1271 2207 &c..
1305 2114 1457 2221 Lagus:
1495 2113 1695 2203 Definite
1712 2146 1814 2235 pra»,

307 2231 465 2333 ‘terite
481 2227 678 2341 cogitare.
712 2224 874 2338 Corpus.
892 2222 1020 2331 'Quos
1040 2222 1143 2310 mihi
1167 2227 1351 2343 reliquos
1375 2224 1469 2315 srnis
1484 2273 1508 2327 ,ἱ
1529 2228 1745 2354 prosterno
1770 2230 1813 2320 fi·

339 2348 420 2432 ‘lios
437 2340 492 2430 ad
511 2342 685 2452 Domini
709 2340 867 2457 pedes„
912 2342 1055 2450 Logrrs.
1069 2450 1075 2461 ἡ
1088 2340 1181 2439 Te,
1203 2344 1369 2459 Corpe,
1392 2340 1552 2444 fratris,
1583 2344 1664 2435 hos
1686 2345 1814 2436 habe·

340 2458 399 2547 bo
417 2473 624 2572 nepotum
646 2457 774 2554 loco,
814 2452 840 2541 st
862 2454 1145 2566 insequentes
1172 2458 1318 2567 juratis
1340 2458 1479 2572 leges,
1506 2486 1614 2572 quas
1635 2458 1815 2552 distabit

342 2571 621 2668 Prudentius,
651 2574 698 2661 &
720 2569 1062 2683 interpretabitur
1083 2569 1312 2654 virtuosus.
1390 2574 1639 2660 Prudentius.
1672 2577 1817 2666 Prima

341 2685 418 2774 est:
449 2681 708 2797 Ophtslrnus
722 2741 734 2784 ,
763 2681 882 2796 quod
899 2681 1104 2768 Ethnicos
1125 2683 1251 2766 etiarn
1264 2681 1329 2766 Lo
1361 2709 1408 2768 us
1430 2681 1596 2781 docuit,
1622 2687 1820 2780 illudsae·

121 2850 124 2858 ·
340 2829 393 2918 pe
418 2791 472 2887 de
488 2799 584 2884 Deo
605 2801 765 2916 cogitet
780 2827 797 2921 τ1
822 2824 869 2885 os
882 2794 1045 2883 homini
1062 2790 1234 2880 sublime
1264 2709 1408 2893 deriit,
1436 2799 1685 2913 coelumque
1701 2807 1821 2892 tueri

149 2993 156 3014 ,
340 2911 481 3033 juffit,
524 2915 750 3003 &etesius
777 2914 833 2998 ad
861 2909 1004 3029 sydera
1022 2910 1169 2997 tollere
1189 2908 1343 2997 vultus.
1381 2909 1524 3020 Lagus.
1538 2910 1698 3028 Saepius
1713 2941 1819 3032 pro·

340 3028 522 3122 indens
541 3027 753 3116 iciendum
781 3023 859 3115 esse
873 3027 1063 3122 coelum,
1094 3050 1222 3138 quam
1247 3043 1427 3124 terram,
1454 3023 1600 3140 saepius
1628 3025 1765 3120 stellas
1799 3089 1816 3134 ,

340 3175 472 3266 quam
515 3145 706 3231 seminas.
768 3137 983 3256 Virtuosrrs.
1011 3139 1070 3228 Et
1095 3135 1204 3224 adeo
1234 3137 1433 3254 quidern,
1458 3141 1518 3228 .0
1540 3141 1710 3257 Carpe,
1761 3166 1819 3236 ut

337 3280 597 3470 miii
620 3255 997 3470 issimis}
1028 3249 1453 3482 satistuto
1475 3253 1818 3462 irritata

338 3519 439 3584 curn
464 3515 555 3576 uno
576 3486 709 3576 oculo
727 3487 773 3570 in
797 3485 926 3576 vitam
955 3485 1136 3581 intrare,
1178 3508 1307 3597 quam
1334 3479 1442 3570 duos
1471 3483 1619 3572 oculos
1647 3485 1817 3598 haben·

337 3627 427 3700 tem
453 3604 567 3694 mitti
589 3602 634 3689 in
654 3597 891 3804 gehennam
907 3599 1027 3720 ignis.
1052 3597 1300 3710 Prudrrrriur.
1308 3593 1505 3684 Secunda
1517 3595 1600 3685 est:
1633 3600 1819 3694 Auritus

266 3815 279 3838 Ι,
337 3747 429 3812 non
470 3705 653 3808 abeata
726 3712 959 3830 magistros,
968 3714 1207 3915 prurientes
1247 3710 1450 3811 auribus,
1501 3713 1577 3828 qui
1606 3719 1818 3806 averita.

336 3855 382 3936 te
407 3833 600 3925 auditum
622 3845 844 3929 avertunt,
873 3827 967 3920 &a
1012 3824 1176 3915 sabulos
1202 3845 1521 3921 convertuntur.
1566 3830 1710 3942 sagus.
1724 3829 1818 3922 T..

336 3949 396 4042 les
423 3950 647 4050 nimirum,
673 3945 748 4064 qui
773 3940 979 4034 Donares
996 3939 1231 4060 prudentie
1255 3937 1340 4029 dici
1367 3943 1545 4042 volunt,
1582 3945 1627 4036 δι
1645 3971 1702 4032 ne
1728 3945 1815 4036 sci·

336 4082 419 4156 unt
445 4061 662 4184 quidem,
686 4057 793 4180 quid
826 4084 924 4154 vert
944 4055 1170 4178 prudentia
1192 4053 1268 4157 fitt
1294 4083 1424 4161 vera,
1465 4061 1677 4178 inquam,
1714 4085 1819 4150 non

643 4197 647 4208 .
832 4193 836 4200 .
958 4185 965 4196 .
1403 4245 1407 4252 Ι
1659 4177 1748 4264 mi·
