4050 5000
313 484 398 577 116
474 473 481 506 ²
814 462 1264 563 turentius.
1542 580 1546 590 ,

313 702 398 769 nec
419 666 697 791 ingemiscant
710 723 724 770 ,
737 774 740 779 ,
753 688 829 759 aut
848 672 929 787 ,qui
957 670 1031 759 sua
1055 668 1211 760 virmte
1237 692 1290 756 ac
1304 659 1547 757 vrrlnenbus
1566 653 1791 754 Romanos

314 789 421 882 fines
446 804 714 907 propagant,
743 804 818 873 aut
846 786 920 901 qui
934 780 1141 909 eosdem,
1170 777 1358 873 servandi
1379 778 1482 893 iuris
1494 780 1695 893 equitate
1711 807 1789 869 cu·

253 924 258 936 '
309 904 539 1008 stodiunt,
588 898 709 1017 quod
739 898 928 991 divinum
958 900 1186 1017 proemium
1218 890 1490 996 cuniulatus,
1527 894 1792 990 lutulentum
1891 975 1894 982 .

158 1120 161 1127 ,
312 1016 553 1141 prodigium
573 1017 830 1133 contagione
854 1012 1049 1105 foedavit.
1131 1012 1375 1135 Patritiatus
1402 1009 1530 1097 etiam
1556 1006 1792 1127 dignitate,

304 1157 448 1251 ¹atque
473 1127 670 1221 omnibus
702 1127 965 1219 inferioribus
994 1128 1222 1247 spoliatum
1241 1120 1280 1216 se
1300 1126 1377 1215 effe
1403 1126 1652 1240 cognoscat,
1680 1152 1794 1238 quos

311 1270 480 1341 murum
506 1246 660 1365 polluit
687 1232 924 1335 sentam·
972 1244 1139 1335 Omnes
1176 1242 1359 1343 statuas,
1405 1241 1548 1327 omnia
1572 1236 1792 1336 fimulacra

130 1394 135 1411 ·
175 1414 184 1448 r
311 1386 402 1455 tam
429 1390 481 1451 ex
503 1386 582 1450 aere
596 1418 608 1461 ,
635 1375 767 1493 quam
794 1388 847 1449 ex
867 1363 1106 1456 marmore,
1136 1359 1206 1446 seu
1232 1385 1284 1490 err
1307 1353 1427 1456 fusis,
1456 1380 1585 1489 quam
1614 1332 1793 1489 cuiqua-

138 1657 144 1685 ,
304 1496 694 1711 titiant:
709 1468 1793 1720 ntiqzt‘ztititstitnitinguite

179 1805 184 1811 ,
315 1710 414 1810 leri,
442 1734 499 1797 ne
522 1728 727 1820 tanquam
750 1723 855 1791 nota
876 1702 1002 1791 nostri
1024 1700 1188 1796 seculi,
1217 1703 1398 1791 obtutus
1435 1703 1597 1819 polluat
1626 1703 1793 1790 intuen-

179 1922 188 1939 κ
240 1874 242 1879 ,
312 1826 435 1915 tium.
522 1818 738 1910 Adhibitis
755 1820 898 1935 itaque
920 1814 1014 1906 fidis
1028 1814 1300 1915 custodibus,
1328 1817 1384 1906 a'd
1402 1819 1592 1936 Cyprum
1616 1815 1794 1906 insulam

314 1937 601 2071 perducatur,
630 1953 679 2024 ut
704 1932 863 2067 ibidem
890 1934 1078 2051 pervigili
1103 1959 1204 2064 cura
1229 1934 1408 2023 vallatus
1435 1988 1452 2032 ,
1491 1933 1793 2055 nequeatsua·

154 2222 205 2296 „
312 2046 1793 2295 ttttttn‘t‘tttntissnt”itti‘tt‘nittutnfiiuit

313 2311 391 2397 gen
420 2282 535 2371 Bene
554 2278 721 2369 habet
760 2280 818 2366 Et
833 2272 1008 2395 quando
1037 2276 1221 2367 subite
1260 2280 1418 2392 Nonus.
1452 2278 1603 2369 Parata
1621 2278 1700 2369 stat
1715 2303 1791 2370 na-

315 2402 391 2491 vis.
449 2395 609 2497 Pudori
632 2412 681 2483 ut
693 2394 927 2484 consuleret
955 2392 1155 2512 expuncti
1175 2392 1370 2512 Cnusulis
1388 2393 1548 2497 Cesar,
1578 2392 1710 2512 juffit,
1740 2415 1793 2486 ut

316 2513 422 2604 dum
441 2513 586 2601 Ptaec'o
610 2513 741 2602 iatam
772 2506 1020 2599 sententiam
1039 2505 1262 2624 frequenti
1286 2512 1446 2628 populu
1476 2514 1677 2615 nuntiat,
1707 2511 1793 2630 ipse

317 2628 469 2720 eodem
486 2647 675 2744 tempore
705 2627 853 2747 ignota
869 2623 946 2732 sub
974 2622 1084 2715 veste
1114 2626 1249 2713 lateus
1330 2627 1492 2744 rvicos
1512 2627 1794 2744 spectantibus

317 2771 477 2835 vacuos
509 2741 690 2860 ducatur
724 2740 781 2830 ad
804 2766 928 2829 mare.
1021 2743 1087 2825 Mi
1103 2765 1210 2826 enus.
1289 2738 1390 2831 obis·
1440 2741 1512 2832 asti
1536 2741 1795 2862 &expediti

247 2934 255 2950 ,
320 2858 431 2950 stant
454 2859 582 2975 equi,
612 2875 683 2955 ut,
715 2859 1025 2973 quamprimum
1053 2882 1079 2942 a
1109 2854 1242 2958 ierit,
1273 2854 1330 2945 ad
1356 2856 1429 2963 Trr
1458 2855 1634 2976 igildum
1653 2860 1795 2948 avole-

119 3069 123 3078 ,
215 3023 220 3030 -
320 3001 444 3074 mus,
472 2971 675 3071 relaturi,
706 3000 733 3059 ο
765 2989 897 3062 ratam
917 2999 1079 3088 pacem.
1137 2969 1797 3088 Nonus.1tavosCoesaramet.

242 3166 248 3180 .
323 3091 485 3178 Grinas.
504 3089 571 3176 Ita
589 2999 863 3203 promiimus.
923 3087 1081 3174 Nonus.
1120 3087 1213 3204 Ego
1241 3087 1443 3215 mandata
1462 3111 1648 3206 exequor
1674 3089 1799 3179 tristi·

184 3249 186 3252 ·
318 3204 401 3297 bus
425 3201 649 3292 annalibus
675 3201 815 3320 digna.
883 3201 1041 3290 Gainas.
1062 3199 1153 3306 Qui
1180 3201 1369 3293 custodes
1396 3205 1648 3318 addentur?
1706 3207 1800 3294 Nn·

321 3345 417 3416 nus.
431 3313 624 3426 Proemiffi
649 3319 728 3406 'am
752 3315 823 3435 ipfi
849 3319 975 3404 etiam
1012 3315 1177 3404 servant
1200 3317 1318 3406 littus
1349 3351 1382 3407 ε·
1418 3320 1529 3409 solus
1548 3349 1623 3440 per
1642 3321 1799 3412 urbem

320 3454 497 3560 perget,
527 3449 577 3520 ut
607 3345 848 3521 uisservetur
869 3435 1030 3521 minus„
1109 3432 1298 3544 Ornnges.
1322 3435 1395 3525 Vis
1416 3435 1583 3532 dicere,
1603 3435 1665 3522 'ut
1686 3435 1798 3526 effu·

320 3553 409 3669 giat
426 3547 592 3672 cestius.
640 3545 837 3646 Gaius,
865 3544 1082 3642 fallimur!
1118 3538 1189 3634 An
1217 3549 1310 3640 haec
1332 3552 1442 3638 enim
1465 3572 1554 3635 uon
1579 3543 1674 3639 flua
1694 3551 1800 3652 sunt

321 3667 489 3762 omnia,
517 3681 568 3752 ut
587 3659 711 3751 Pater
726 3689 842 3750 meus
871 3659 1142 3778 decipiatur?
1181 3663 1355 3774 Nonus.
1374 3663 1496 3750 Nihil
1516 3660 1612 3753 hec
1632 3686 1799 3772 metue,

320 3775 538 3896 Princeps:
566 3804 622 3865 ue
647 3804 730 3900 qua
748 3779 786 3863 ei
800 3791 927 3898 porta
951 3775 1165 3894 aufugam
1187 3773 1374 3874 tutafit,
1405 3797 1580 3886 cautum
1603 3779 1662 3870 est
1681 3784 1798 3875 satis,

324 3891 483 3979 Gaianas.
499 3888 629 3984 Vade.
687 3889 806 4010 Ego,
836 3895 1054 4010 Oranges,
1080 3886 1238 3980 cavebo
1271 3888 1363 3984 tibi.
1419 3893 1627 4012 Tempus,
1641 3895 1760 3986 loeus
1774 3931 1824 4000 ,·

320 4001 492 4129 occafiq
508 4005 564 4093 ad
584 4003 744 4096 cedem
765 4003 932 4104 favent,
982 4007 1111 4107 Tute
1132 4031 1183 4093 ex
1209 4005 1304 4094 aula
1319 4010 1483 4127 proripe
1500 4038 1598 4101 cum
1612 4009 1797 4120 Miseno,

323 4116 593 4214 &decorum
617 4123 776 4218 inimici
796 4131 945 4219 cruoie
962 4121 1146 4216 Gainam
1169 4121 1482 4241 expetiabreii.
1528 4124 1610 4216 'Ad
1626 4152 1794 4244 pacem,

1659 4237 1734 4342 ns.
