4050 5000
645 439 719 484 '⁸
808 463 1328 576 armamur,
1537 505 1543 512 -
1640 489 1747 576 n,
1848 449 1851 454 ’

271 686 355 778 que
381 653 616 760 'inundatio
651 649 877 755 scelerum,
904 741 914 764 ,
938 629 1259 744 uia‘scelerarus·
1280 651 1524 774 Imperator.
1608 654 1745 754 Vide,

224 805 229 814 ·
268 775 562 894 quidtibitua
581 767 809 892 hypocrifis
830 683 990 887 prdit,
1024 799 1108 886 qua
1135 769 1309 858 subinde
1328 791 1373 859 te
1393 793 1436 859 te
1467 773 1513 859 is.
1596 768 1744 880 Palam
1800 843 1808 851 ,

248 911 376 984 ἠοω
399 891 496 984 sunt
515 891 679 989 omnia,
704 887 750 978 ἃ
774 905 870 975 toto
888 885 1060 1014 vulgata
1079 886 1267 1020 imperio.
1355 801 1489 997 Nulia
1507 887 1622 975 enirn
1643 889 1746 1004 tegi·
1774 952 1777 957 ,
1860 926 1880 953 s

160 1009 200 1058 ‘u
270 1027 340 1097 tur
359 1007 549 1125 impietas
570 1001 670 1093 diu:
703 1001 852 1118 uident
869 999 1039 1091 sumum
1053 1059 1065 1102 ,
1080 1030 1153 1118 qur
1168 1003 1318 1120 ignem
1332 1020 1422 1087 non
1440 1002 1602 1092 vi'dent.
1632 1003 1747 1091 Ana·

261 1121 413 1242 stersus.
431 1121 575 1220 Heus,
603 1126 675 1208 tu!
705 1115 897 1207 nondum
918 1117 1170 1233 obstupescis
1189 1117 1436 1234 patientiam
1462 1141 1598 1207 meam
1613 1118 1636 1206 i
1673 1119 1745 1206 02·

239 1238 447 1330 'niundon
473 1236 695 1336 Admiror,
724 1227 881 1321 laudo:
929 1230 1013 1318 Sed
1039 1251 1088 1320 ut
1108 1233 1250 1321 utilior
1268 1229 1339 1332 fit,
1368 1229 1744 1325 adhuc-modicum

205 1397 211 1404 ·
267 1354 384 1472 dona
405 1355 495 1444 viro
508 1379 586 1470 pro
617 1371 692 1440 tua
715 1344 847 1445 sama,
872 1369 955 1549 pro
983 1350 1125 1472 ‘anima
1149 1403 1162 1448 ‚
1190 1374 1267 1464 pro
1294 1347 1428 1434 salute·
1453 1348 1577 1436 unice
1605 1352 1746 1442 auxio.
1896 1450 1902 1462 p

265 1470 381 1561 Ecce
405 1465 684 1582 tu'dispurare
704 1482 748 1551 te
767 1487 856 1550 non
902 1459 1264 1576 idicisie,ajebas,
1285 1458 1469 1556 didicisse
1483 1475 1667 1580 regnare.
1698 1465 1743 1560 si
1865 1541 1871 1548 .
1908 1491 1914 1500 ·

260 1587 477 1704 disputare
496 1606 586 1669 non
601 1577 802 1679 didicisti,
833 1604 908 1672 cur
926 1578 1036 1666 inter
1053 1576 1369 1695 disputanteste
1383 1578 1584 1667 arbitrum
1602 1578 1739 1670 facis?

264 1701 450 1790 Imocur
474 1695 712 1813 disputatis,
736 1698 779 1786 δι
797 1691 971 1814 Synodo
993 1689 1177 1784 definitis
1191 1721 1279 1782 non
1299 1693 1549 1810 acquiescisr
1567 1693 1668 1792 Etsi
1677 1725 1746 1799 re-

211 1865 226 1876 -·
283 1819 289 1826 ’
325 1841 393 1914 are
414 1809 618 1926 didicisti,
645 1810 749 1928 quid
774 1812 901 1927 igitur
922 1809 979 1904 est
999 1809 1076 1898 esse
1094 1809 1428 1927 Imperatorem?
1458 1811 1628 1898 Nomen
1639 1867 1652 1912 ‚
1672 1839 1752 1903 ve··

301 1933 356 2029 's,
373 1941 544 2048 'pompa
570 1927 869 2044 Imperatorem
897 1952 987 2015 non
1010 1921 1206 2016 faciunt:
1255 1926 1540 2039 Imperatoriae
1567 1930 1742 2018 virtutes
1784 1927 1788 1935 '
1837 1933 1841 1940 ’

264 2045 440 2136 faciunt.
498 2045 595 2135 Hoc
616 2043 766 2132 solium
784 2043 970 2158 respice!
998 2039 1078 2130 Per
1093 2041 1246 2157 gradus
1261 2037 1523 2129 ascenditur:
1553 2062 1603 2130 tu
1622 2045 1666 2129 in'
1682 2045 1741 2132 su·
1821 2061 1827 2068 “
1867 2102 1873 2108 -

258 2184 403 2282 premo
421 2157 535 2250 sedes
547 2217 562 2260 ,
592 2165 645 2247 ut'
665 2157 689 2248 a'
707 2157 896 2270 firbjedis
912 2156 1109 2245 omnibus
1129 2155 1331 2254 uideatis,
1362 2151 1408 2246 δι
1423 2183 1567 2248 omnes
1582 2157 1741 2253 videasr
1831 2157 1837 2165 ’

232 2313 239 2324 ·
260 2279 471 2386 anemjne
491 2273 709 2364 erubescas
729 2269 886 2371 videri,
916 2273 1133 2360 neminem
1150 2269 1290 2359 videre
1303 2284 1576 2370 contemnas.
1633 2274 1740 2365 Haec

232 2502 235 2509 ,
290 2395 395 2479 rima
409 2388 488 2477 dos·
501 2389 693 2507 Regum,
726 2405 776 2475 ut
794 2389 980 2505 reguiam
1000 2411 1167 2474 morum
1185 2383 1415 2476 sesubditis
1433 2385 1605 2480 faciant
1651 2383 1741 2479 De·
1833 2389 1880 2428 ³

258 2417 360 2597 inde
385 2510 502 2597 cono
533 2530 642 2596 reum
668 2502 761 2593 hoc'
783 2503 1054 2621 proredionis
1071 2521 1115 2591 te
1141 2499 1375 2604 admonet,
1406 2533 1536 2619 quam
1563 2506 1741 2599 subditis

170 2614 190 2673 ’·
256 2642 411 2717 contra
436 2532 614 2737 urinas
638 2618 778 2715 deber.
818 2617 993 2729 Tradita
1017 2618 1096 2706 tibi
1119 2619 1258 2706 aDeo
1273 2621 1316 2710 &
1331 2618 1764 2743 hominibusRespu„
1822 2627 1865 2733 J
1926 2670 1937 2681 -

255 2741 371 2833 blica
393 2736 474 2838 est,
504 2734 575 2825 sed
599 2759 751 2853 nempe
765 2734 921 2825 tradita
944 2734 989 2821 in
1011 2732 1168 2848 finum,
1196 2755 1246 2823 ut
1261 2732 1465 2834 foveatur.
1524 2739 1741 2829 Coronam

106 2926 112 2935 .
213 2884 363 2969 ,crux
390 2874 516 2943 ornat
547 2855 593 2942 in
615 2851 777 2943 summo
799 2853 918 2967 apice
968 2848 1101 2965 ofita,
1128 2872 1180 2937 nt
1205 2846 1339 2938 intelli
1397 2879 1460 2951 s,
1497 2854 1740 2969 quodcum

142 2996 145 3005 ’
185 3080 200 3093 “
256 2966 394 3091 prinp'a
413 2968 495 3057 esse
513 2966 668 3097 debeat
688 2968 847 3086 puritas
872 2880 1123 3087 Reiigionis,
1156 2880 1417 3083 &splenrfgn
1476 2968 1741 3087 Praecipuum
1801 2961 1824 3017 ⁴·

257 3088 389 3176 decus
409 3084 538 3201 perir,
564 3082 596 3169 'si
621 3110 788 3173 crucem
810 3078 960 3172 aufero.
1017 3080 1250 3198 sceptrum
1279 3080 1405 3170 datur
1431 3085 1663 3175 rotundum
1691 3090 1738 3179 δι
1813 3188 1819 3191 ,
1907 3142 1916 3149 -

256 3203 411 3297 breve,
439 3194 602 3316 figuum
622 3198 837 3315 potestatis
865 3198 1096 3289 constritiae
1122 3199 1167 3289 &
1194 3196 1435 3287 moderate.
1523 3202 1665 3291 Malus
1679 3204 1737 3291 est

244 3318 478 3435 Princeps,
505 3312 649 3430 'quiin
667 3315 841 3431 irnperio
860 3342 948 3403 non
968 3312 1043 3403 nisi
1059 3316 1279 3432 imperium
1298 3318 1462 3432 cogitat
1477 3314 1676 3435 superbus
1691 3323 1738 3411 δι

255 3429 398 3530 desesr
429 3429 590 3566 quique
608 3426 649 3518 se
665 3454 757 3516 non
768 3428 942 3523 subditis
959 3430 1108 3519 datum
1136 3428 1291 3531 credit,
1321 3450 1371 3519 ur
1389 3442 1532 3549 regat,
1560 3432 1746 3525 sedium·
1863 3459 1894 3489 ,-

99 3578 110 3585 ·
253 3550 371 3641 ditos
394 3546 498 3650 fibr,
529 3564 580 3651 ut
602 3560 819 3663 emungat.
864 3545 1146 3644 fluminibus
1174 3572 1327 3665 praes,
1353 3544 1575 3646 hominum
1598 3548 1749 3662 causa,

255 3688 338 3759 nec
367 3664 582 3753 Dominus
612 3658 860 3763 solum-sed
886 3658 1038 3751 Tutor.
1098 3663 1144 3751 O
1177 3665 1328 3751 dmum
1353 3661 1511 3770 crede,
1537 3666 1612 3782 qui
1627 3665 1737 3760 duaa

244 3800 320 3875 rer
345 3776 652 3881 diverfiffimas,
681 3781 916 3899 potentiam
940 3780 985 3872 dr
1014 3778 1142 3868 mode
1179 3781 1260 3866 'am
1281 3776 1455 3879 miscet,
1485 3776 1612 3895 quem
1629 3778 1735 3898 ‘pro-

254 3896 465 4009 deuntem
483 3892 637 3983 subditi
664 3898 782 3986 velut
811 3890 1250 3985 beneficum-Numen
1264 3892 1504 4007 aspiciunt,
1518 3896 1734 3989 dubitan·
1854 3980 1859 3987 .

254 4012 340 4112 teu,
370 4010 605 4099 Dominum
632 4010 814 4098 salutent
826 4066 840 4110 ,
870 4036 927 4099 ao
949 4010 1129 4099 Patrem.
1216 4006 1333 4113 Dedi
1356 4008 1590 4125 speculum,
1619 4012 1735 4107 Prin·
1856 4024 1877 4063 ‘

254 4156 386 4247 ceps,
415 4125 596 4242 inspice,
617 4126 660 4215 δι
675 4123 897 4222 erubesce,
928 4125 1039 4226 imo,
1069 4143 1119 4212 ut
1138 4123 1338 4212 salubrius
1349 4125 1535 4241 toquar,
1564 4149 1732 4233 contre-

252 4246 407 4352 misce,
435 4267 536 4365 uam
561 4256 761 4363 potenter
774 4244 1200 4361 potentereorme'nta
1223 4242 1468 4361 panentu,
1496 4244 1626 4340 &illi
1643 4273 1734 4363 pre

464 4416 469 4429 ·
961 4356 1094 4457 Aea
1581 4360 1675 4457 aiiii
1707 4398 1757 4428 ‘-

1419 4555 1422 4565 .
1663 4542 1676 4577 p
1792 4528 1816 4571 Χ
